3682 6004
677 573 893 642 ..7-

118 757 397 853 resicoparietalis
423 779 440 824 a
468 755 644 849 symphyti
668 755 780 850 pubis,
802 756 906 828 modo
931 756 1034 828 nimis
1047 755 1138 826 altae
1156 757 1254 845 (Tab.
1273 759 1330 840 19,
1347 757 1407 853 lig.
1426 761 1476 850 1),

117 875 210 944 modo
228 873 327 943 nimis
343 870 531 965 profundae
560 871 660 958 (Tab.
679 873 740 947 20.
762 871 821 965 ng.
844 875 876 942 l.
898 870 984 941 Tab.
1008 871 1082 961 ld).
1115 872 1248 943 diversa
1273 875 1386 943 forma
1419 895 1476 968 pa·

118 990 203 1056 rietis
233 988 414 1057 anterioris
445 986 578 1057 vesicae
610 987 789 1058 involucro
820 986 1045 1082 peritonaeali
1076 987 1228 1060 destituti
1261 1000 1364 1082 atque
1388 989 1480 1082 posi·

118 1113 175 1186 tus,
203 1101 405 1196 magnitudo
422 1109 456 1170 et
474 1101 583 1194 figura
602 1100 704 1194 spatii
723 1100 825 1194 adipe
843 1101 993 1194 impleti.
1013 1100 1105 1196 quod
1124 1101 1205 1172 huic
1231 1103 1354 1196 parieti
1390 1105 1480 1174 rasi·

116 1241 170 1286 cae
193 1228 227 1286 et
252 1216 362 1286 lineae
394 1215 492 1284 albae
512 1238 575 1286 nec
598 1238 668 1286 non
697 1215 875 1310 sympbysi
901 1221 1029 1286 ossium
1055 1215 1157 1309 pubis
1182 1229 1218 1286 et
1234 1217 1324 1286 collo
1343 1218 1479 1287 vesicae

115 1332 282 1403 urinariae
300 1333 336 1402 in
355 1331 444 1425 pelvi
463 1331 626 1402 muliebri
645 1331 886 1425 interpositum
904 1340 956 1402 eat
974 1329 1080 1425 (coni.
1100 1332 1186 1404 Tab.
1220 1333 1277 1412 tu,
1295 1333 1374 1428 20),
1407 1332 1481 1404 ori·

113 1448 304 1518 deotissime
322 1445 614 1518 demonstrantur.

153 1561 281 1632 Notum
297 1571 361 1642 est,
388 1571 545 1632 auctores
564 1560 605 1630 de
627 1563 695 1632 situ
719 1563 808 1632 utari
836 1562 1007 1652 proditque
1036 1562 1269 1631 inclinationis
1295 1562 1403 1654 ipsius
1431 1562 1474 1632 ad

111 1699 205 1746 axem
223 1676 333 1770 pelris
351 1687 386 1746 et
404 1678 587 1770 praecipue
604 1675 646 1746 de
666 1675 889 1770 dispositione
904 1689 938 1746 et
951 1676 1133 1746 directione
1146 1677 1275 1748 coculis
1287 1699 1345 1746 sau
1359 1701 1478 1748 coerce

110 1793 201 1869 utro,
219 1790 322 1862 valde
341 1790 548 1886 discrepare,
582 1799 618 1862 et
634 1793 744 1883 prima
763 1789 904 1884 quidem
923 1791 957 1859 in
974 1813 1014 1860 eo
1035 1789 1200 1860 dissensio
1220 1801 1285 1873 est,
1307 1791 1400 1885 quod
1417 1792 1478 1863 ulii

111 1903 259 1977 canalem
279 1907 424 1976 curicis
442 1907 531 1976 uteri
549 1917 584 1976 et
600 1909 754 1998 corporis
772 1914 876 2000 atque
900 1904 999 1974 fundi
1027 1928 1130 1976 unam
1162 1905 1389 2003 eandemque.
1418 1907 1479 1978 alii

112 2043 188 2088 raro
207 2019 381 2092 diversam
401 2023 625 2091 directionem
644 2020 742 2114 sequi
759 2019 984 2098 contendunt.
999 2020 1225 2114 quamobrem
1239 2045 1306 2092 non
1320 2046 1399 2092 raro
1414 2022 1478 2094 dil·

113 2133 299 2214 lieillinnm
317 2147 368 2206 est
387 2135 571 2206 discrimen
590 2135 678 2206 inter
704 2137 807 2206 sitam
831 2137 921 2207 uteri
946 2135 1137 2208 normalem
1159 2147 1194 2207 et
1211 2149 1347 2210 uterum
1368 2140 1479 2212 dime-

111 2261 180 2320 tnm
199 2275 240 2322 ae
259 2253 479 2322 incurvatum
497 2263 662 2323 statuere.
902 2330 909 2346 ‚

158 2365 376 2436 sectionibus
395 2367 541 2462 ideoque
560 2391 620 2460 per
639 2367 765 2460 pelvim
783 2367 999 2460 congelatam
1016 2367 1223 2439 cadaverum
1255 2369 1479 2448 muliebrium

116 2483 147 2548 in
164 2480 416 2576 longitudinem
435 2483 477 2552 ad
499 2481 783 2577 perpendicnlum
809 2481 922 2552 ductis
947 2481 989 2552 ad
1020 2483 1256 2577 quaerendum
1286 2483 1373 2554 mibi
1401 2509 1479 2579 pro·

113 2600 222 2688 posui,
247 2609 285 2668 ut
305 2621 425 2668 aarum
453 2599 601 2691 positum
629 2599 715 2668 uteri
745 2621 932 2693 veramque
962 2598 1186 2669 directionem
1217 2625 1341 2693 caveae
1374 2601 1480 2692 ipsius

111 2737 353 2806 cognoscerem
383 2723 486 2807 atque
518 2715 726 2784 mutationes
752 2718 888 2794 insitu,
914 2738 998 2809 quas
1021 2717 1161 2794 matrix,
1188 2725 1363 2786 caeterum
1382 2738 1477 2796 sana,

111 2828 245 2900 diversa
271 2839 383 2898 aetate
410 2829 558 2897 feminae
576 2837 611 2897 et
628 2840 766 2924 propter
783 2831 958 2902 diversum
976 2842 1102 2900 statum
1121 2851 1329 2923 organorum
1348 2831 1480 2900 vicino·

108 2966 179 3014 rum
197 2943 306 3023 subit,
327 2944 370 3012 ab
388 2943 430 3014 iis
448 2945 556 3022 vitiis,
578 2967 666 3038 quae
684 2944 881 3030 antedexio,
900 2945 1099 3015 retrollexio
1118 2955 1153 3013 et
1175 2945 1369 3015 incurvatio
1388 2945 1477 3014 uteri

106 3070 362 3154 nuncupantur.
382 3063 447 3128 rite
461 3057 725 3150 distinguerem.

152 3175 205 3245 Ad
219 3197 326 3269 quem
343 3173 442 3242 linem
460 3172 629 3264 permulta
641 3173 808 3241 cadavera
822 3172 1007 3242 mulierum
1020 3172 1174 3242 diversae
1189 3173 1479 3263 aetatisll'I—ld

106 3293 304 3378 annorum).
347 3289 518 3382 virginum
551 3290 688 3372 (tt-to
718 3295 918 3376 annorum),
951 3312 1078 3359 anuum
1109 3289 1266 3380 (ΤΟ-90
1294 3289 1478 3383 annorum)

105 3427 164 3474 nec
183 3430 255 3476 non
274 3407 457 3476 mulierum
476 3401 698 3497 gravidarum
715 3407 747 3472 in
766 3403 901 3474 diverso
919 3405 987 3474 situ
1016 3407 1170 3498 corporis
1196 3403 1375 3496 congelata
1403 3427 1480 3499 pcr-

104 3541 236 3592 sarava.

151 3639 203 3707 lix
222 3638 378 3731 diligenti
399 3639 532 3708 iconum
553 3637 649 3726 (ΞΝ
665 3646 702 3706 et
718 3636 965 3730 sequentiam).
993 3658 1081 3729 quaa
1095 3637 1266 3706 sectiones
1284 3636 1345 3706 bas
1369 3635 1479 3730 pelvis

105 3753 287 3822 muliebris
304 3752 483 3838 ellinpunt.
504 3755 791 3847 contemplatione
812 3754 937 3823 elucet:

152 3868 186 3951 l)
207 3869 351 3938 Lineam
373 3882 543 3942 secantem
573 3893 632 3961 per
660 3870 786 3938 lineam
814 3868 1008 3938 medianam
1038 3868 1193 3960 eorporis
1223 3878 1258 3936 et
1282 3866 1478 3960 sympbysin

103 3982 203 4074 pubis
225 3981 364 4052 ductam
383 3985 453 4052 lere
471 4007 651 4079 nunquam
669 3984 781 4054 lineae
799 3983 943 4054 cantrali
961 3985 1033 4054 sire
1052 3980 1282 4075 {tricorporis
1301 3981 1388 4050 utari
1408 4003 1477 4050 res·
1596 4002 1608 4032 1

102 4098 268 4193 pondere.

148 4219 184 4302 2)
208 4215 405 4284 Sectionem
425 4239 484 4308 per
500 4216 628 4286 lineam
646 4217 831 4286 neutralem
849 4217 1003 4309 corporis
1020 4213 1111 4286 uteri
1137 4213 1274 4288 ductam
1302 4233 1477 4306 nunquam

101 4329 400 4425 quoqaemediam
414 4333 561 4400 vesicam
576 4333 778 4414 nrinariam¹
788 4331 964 4400 uretbram
976 4330 1032 4400 rel
1046 4329 1197 4402 medium
1210 4339 1342 4398 rectum
1358 4329 1475 4422 ferire.

149 4446 187 4533 3)
211 4447 445 4516 Directionem
463 4469 589 4516 caveae
604 4449 759 4517 matricis
776 4467 892 4525 sanae,
921 4447 1077 4538 corporis
1103 4466 1143 4512 ac
1169 4443 1265 4514 fundi
1293 4445 1401 4537 ipsius
1427 4443 1479 4513 di·

100 4567 333 4632 rersissimam
351 4585 435 4632 essa.

148 4678 188 4772 b)
210 4677 343 4770 Corpus
361 4680 449 4746 uteri
470 4677 541 4746 iere
564 4699 739 4770 nunqnam
765 4687 885 4748 exacte
912 4676 955 4746 ad
982 4675 1262 4770 perpendiculum
1293 4673 1476 4752 directum,

102 4793 247 4884 saepius
266 4789 447 4862 directioni
469 4795 543 4863 axis
561 4791 672 4886 pelvis
693 4791 768 4885 plus
785 4791 940 4860 minusve
972 4789 1071 4882 (Tali.
1091 4793 1152 4870 2l,
1173 4790 1231 4884 fig.
1252 4795 1286 4861 3.
1308 4788 1393 4860 Tab.
1414 4791 1475 4862 22.

100 4907 149 4972 et
167 4909 255 4998 etc.)
282 4908 566 5001 appropinquari.
599 4905 742 4977 fundum
768 4931 851 4976 vero
877 4905 967 4975 uteri
994 4903 1197 4998 plerumque
1224 4914 1418 4974 antrorsum
1444 4913 1478 4972 et

100 5019 143 5088 ad
164 5021 314 5090 alterum
333 5019 423 5090 latus
441 5023 549 5116 pelvis
569 5023 782 5117 (saepissime
801 5021 972 5108 dextrum)
994 5020 1194 5090 inclinatum
1212 5041 1297 5090 esse.

151 5137 190 5227 5)
214 5135 446 5206 llirartionem
464 5161 591 5211 careae
609 5139 763 5210 matricis
786 5145 960 5208 caeterum
986 5159 1087 5206 sanae
1114 5137 1364 5228 quadruplicem
1390 5155 1476 5208 esset

99 5257 132 5336 a)
156 5249 313 5320 canalem
330 5252 477 5324 cervicis
500 5256 589 5326 uteri
616 5279 723 5350 prope
751 5253 931 5324 transitum
956 5253 1065 5350 ipsius
1092 5253 1125 5322 in
1152 5274 1292 5323 caveam
1323 5248 1479 5344 corporis
