3782 6008
721 556 962 622 -27-

205 744 366 834 pervadaris
383 745 412 810 in
430 743 561 811 sectione
579 737 739 834 apparens)
758 759 834 830 quae
851 741 889 808 ad
905 741 1097 834 ligamentum
1121 743 1330 831 hepatorenale
1347 751 1526 818 constituen-

202 861 273 927 dum
290 860 427 930 inservit.
449 895 495 912 -
514 881 529 926 o
548 880 564 928 c
582 877 611 928 o.
631 855 774 926 introitus
792 857 822 924 in
840 877 944 928 cavum
962 859 1073 927 omenti
1090 861 1225 928 minoris.
1260 858 1361 931 Sentio
1378 884 1433 952 per
1449 865 1526 933 tora-

201 996 269 1042 men
287 971 463 1042 Winsiovaii
481 975 544 1042 iere
561 975 658 1062 ipsum
677 974 717 1042 ita
735 974 821 1042 dueta
840 983 899 1056 est,
916 983 947 1040 ut
966 995 1042 1042 uuus
1060 977 1159 1063 paries
1177 975 1330 1066 ligamenti
1348 977 1526 1067 hepatoduo·

201 1087 314 1158 donatis
333 1101 362 1158 et
381 1110 448 1177 pars
467 1088 526 1156 lobi
543 1086 670 1179 Spigeiii
688 1099 823 1177 pereocta
841 1089 912 1156 sint.
935 1127 982 1140 -
999 1089 1027 1180 s.
1060 1089 1182 1158 indevio
1213 1093 1334 1178 parietis
1354 1098 1526 1179 posterioris

199 1208 309 1274 omenti
327 1205 447 1291 majoris
466 1206 494 1270 iu
513 1203 653 1272 laminam
679 1205 864 1290 superiorem
894 1205 1034 1274 mesocoii
1065 1211 1242 1276 transversi.
1262 1245 1310 1258 -
1327 1207 1367 1302 ff.
1389 1207 1525 1298 Spatium

200 1325 277 1390 iuter
294 1321 460 1410 marginem
479 1319 650 1386 interiorem
668 1319 796 1408 hepatis.
818 1318 951 1406 pyiorum
966 1331 995 1387 et
1011 1321 1095 1390 coion
1115 1334 1333 1403 transversum,
1371 1326 1525 1392 continens

197 1437 369 1506 exsudatom
384 1453 506 1520 parvom
519 1453 654 1502 aerosum
669 1441 699 1500 et
712 1433 748 1500 ad
762 1453 883 1502 caveam
897 1434 1061 1522 peritonaei
1075 1439 1326 1528 pertinens-p.
1345 1437 1452 1508 Parios
1470 1461 1524 1507 an-

201 1553 293 1622 terior
309 1561 339 1618 et
355 1547 412 1640 p'’.
440 1547 546 1618 Parios
564 1549 709 1637 posterior
727 1549 836 1617 omenti
856 1551 977 1638 majoris
995 1571 1062 1619 cum
1081 1551 1190 1620 lamina
1210 1555 1363 1638 superiore
1381 1553 1522 1622 mesoeoii

197 1667 361 1736 transversi
380 1664 427 1758 (s)
446 1671 613 1731 contextus.
629 1699 678 1712 -
694 1684 761 1752 pp.
781 1661 906 1731 Lamina
925 1685 1027 1732 serosa
1048 1667 1169 1752 parietis
1188 1666 1349 1736 anterioris
1366 1669 1521 1735 ventriouii

199 1783 228 1850 ix
246 1783 389 1870 parietem
419 1779 598 1848 anteriorem
628 1779 738 1846 omenti
768 1778 889 1866 majoris
911 1781 957 1868 ip)
978 1782 1140 1852 transiens.
1162 1819 1205 1830 —
1228 1779 1259 1848 iv.
1292 1778 1390 1851 Cavea
1412 1784 1520 1851 omenti

197 1897 332 1987 maioris.
350 1929 399 1948 -
417 1894 443 1965 v'.
463 1891 574 1961 Tentus
593 1890 753 1961 eeiiulosus
771 1893 898 1961 laminae
915 1894 1032 1982 utrique
1057 1896 1213 1976 mosoeoli,
1247 1900 1410 1964 transversi
1428 1897 1520 1966 inter·

197 2013 309 2098 positus
326 2022 356 2076 et
372 2017 485 2098 partem
503 2008 732 2076 descendentem
751 2008 875 2076 duodeni
893 2006 945 2103 (ac)
962 2011 1187 2079 investiens-
1201 2007 1235 2078 it.
1255 2007 1380 2079 Lamina
1399 2011 1522 2080 interior

197 2125 338 2194 mosoeoli
354 2123 517 2192 transversi
535 2133 565 2192 et
582 2119 701 2190 inflexio
719 2122 805 2210 hujus
835 2123 964 2191 laminae
982 2125 1011 2193 in
1030 2123 1198 2193 mesoooion
1227 2125 1409 2194 ascendens.
1428 2161 1476 2176 -
1493 2127 1517 2196 i.

196 2237 385 2308 Continuatio
402 2237 544 2306 mesocoli
574 2235 772 2304 ascendentis.
795 2275 839 2288 -
859 2259 889 2302 m
907 2259 952 2306 m.
984 2235 1177 2309 Mesoileum.
1197 2276 1245 2293 -
1262 2261 1295 2309 n.
1329 2237 1430 2308 Lobus
1447 2243 1520 2308 sini·

195 2363 257 2422 ster
275 2354 401 2444 hepatis.
419 2388 469 2404 -
486 2373 518 2421 o.
540 2347 650 2440 Margo
667 2353 812 2438 posterior
833 2351 893 2419 lobi
908 2354 1003 2420 dextri
1023 2352 1151 2440 hepatis.
1168 2392 1215 2404 —
1226 2375 1263 2442 p.
1287 2351 1368 2422 Vena
1387 2355 1520 2444 hepatiea

196 2470 312 2538 dentre.
331 2505 379 2522 -
397 2489 430 2558 p.
449 2464 588 2535 Truncus
605 2485 698 2534 venae
716 2474 880 2554 portarum.
899 2503 949 2518 -
966 2465 1010 2555 p'.
1029 2464 1144 2535 Romus
1160 2453 1255 2556 ipsius
1273 2469 1395 2536 sinister
1413 2478 1442 2537 et
1459 2467 1515 2559 p''.
1640 2459 1644 2468 ’

195 2585 309 2653 dexter.
329 2620 379 2635 —
395 2601 432 2652 α.
465 2581 541 2652 Pars
570 2582 715 2669 posterior
744 2581 911 2669 superficiei
930 2601 1078 2651 convexae
1094 2583 1210 2672 hepatis
1232 2583 1447 2674 diaphragmati
1467 2585 1519 2652 ad·

194 2719 281 2768 nexa.
300 2737 349 2752 ·-
365 2695 404 2782 β.
423 2696 524 2767 Lobus
542 2694 684 2788 Spigeiii.
703 2693 805 2765 Sectio
824 2717 875 2785 per
893 2698 983 2786 hepar
1001 2700 1041 2766 ita
1060 2697 1147 2767 ducta
1164 2707 1222 2781 est,
1248 2709 1280 2766 ut
1297 2715 1354 2766 una
1372 2717 1441 2787 pars
1458 2698 1519 2766 iobi

193 2815 307 2885 sinistri
326 2811 376 2908 (n)
397 2813 416 2884 9
436 2813 491 2880 tin.
511 2811 663 2896 Pariata,
679 2812 837 2882 frustulum
856 2814 914 2881 tobi
931 2811 1057 2906 Spigeiii
1075 2823 1104 2882 et
1117 2823 1176 2883 tota
1195 2817 1294 2883 vesioa
1311 2815 1397 2882 ieliea
1416 2815 1445 2882 in
1462 2815 1519 2884 iroo

193 2931 335 2999 sectionis
352 2929 506 3020 segmento
522 2928 628 2998 relicta
647 2936 796 2996 maneant.
817 2967 864 2979 -
881 2952 909 2998 r.
933 2927 1028 2999 Parva
1046 2931 1189 3018 particula
1213 2931 1333 3016 parietis
1351 2931 1444 2998 dextri
1464 2950 1516 3016 py-

192 3046 250 3115 iori
265 3065 335 3116 eum
355 3043 481 3116 faustulo
496 3043 631 3112 valvatae
648 3043 811 3132 ppiorioae.
826 3081 874 3096 -
890 3066 950 3114 rr.
970 3043 1076 3114 Partes
1094 3046 1195 3115 dexter
1212 3045 1269 3114 ooli
1286 3047 1516 3114 transversi.-

191 3182 220 3230 a.
249 3159 357 3231 Exitus
385 3160 443 3230 coli
470 3159 658 3230 ascendentis
676 3160 705 3226 in
722 3160 808 3228 coion
823 3170 1024 3229 transversum
1043 3183 1070 3230 s.
1091 3161 1204 3231 flexura
1223 3162 1280 3227 coti
1298 3160 1430 3246 hepatica
1450 3179 1516 3246 per·

191 3287 286 3346 secta.
307 3314 354 3329 -
373 3288 397 3347 t.
430 3273 534 3344 Paries
551 3275 652 3344 dexter
669 3275 727 3342 ooli
745 3276 945 3344 ascendentis.
964 3312 1014 3328 -
1031 3298 1066 3346 u.
1087 3298 1119 3345 o.
1152 3273 1250 3346 Cavea
1269 3273 1326 3342 coli
1353 3275 1514 3343 ascenden·

191 3395 243 3462 tis.
262 3429 312 3446 -
327 3412 365 3461 ac.
386 3389 462 3462 Pars
477 3400 650 3460 transversa
669 3391 807 3478 superior
822 3400 854 3459 et
869 3391 1054 3461 descendens
1080 3393 1211 3460 intestini
1236 3391 1360 3460 duodeni
1378 3391 1455 3458 inter
1472 3391 1517 3458 ia·

191 3510 302 3580 minam
321 3509 504 3596 sumnonem
524 3504 572 3600 is)
591 3515 622 3576 et
637 3506 809 3576 interiorem
841 3505 889 3594 (ta)
922 3508 1065 3576 mosoeoli
1086 3509 1249 3576 menevensi
1267 3507 1394 3576 inclusa.
1413 3543 1457 3558 -—
1477 3527 1511 3595 y.

191 3622 278 3694 Ausa
295 3626 428 3693 intestini
445 3623 509 3692 ilci.
528 3657 577 3674 -
593 3643 626 3690 a.
658 3621 799 3691 Introitus
816 3624 949 3692 intestini
966 3624 1053 3712 hujus
1072 3623 1102 3692 in
1120 3625 1292 3693 intestinum
1311 3641 1447 3692 caecum.
1465 3655 1514 3672 -

190 3761 260 3810 aa.
279 3738 346 3810 Rau
365 3741 468 3810 dexter
483 3757 575 3830 prope
592 3737 687 3808 hilum
704 3747 873 3827 perseetus.

143 3968 219 4062 Fig.
240 3971 275 4040 2.
296 3969 399 4040 Sectio
415 3989 469 4060 per
487 3970 737 4059 hypoohondrium
755 3972 889 4039 deruum
908 3970 940 4038 iu
957 3970 1170 4061 longitudinem
1188 3972 1287 4039 ducta.

238 4201 372 4271 Cadaver
389 4203 624 4270 hominisaduiti
655 4203 753 4270 nullae
784 4205 963 4269 mutationes
994 4201 1151 4269 morbosae
1179 4219 1359 4290 organorum
1384 4199 1514 4267 thoracis

190 4329 219 4386 et
236 4317 416 4386 abdominis.
447 4314 590 4386 Intestina
619 4322 688 4386 aire
707 4329 736 4386 et
754 4316 845 4385 fluido
864 4318 947 4386 vaide
972 4329 1103 4385 extensa.
1137 4313 1270 4385 Cadaver
1287 4316 1317 4382 in
1333 4315 1390 4384 situ
1409 4315 1514 4404 supino

190 4435 259 4524 geio
276 4435 456 4521 expositum.

238 4665 432 4756 Segmentom
451 4665 592 4732 sectionis
608 4665 778 4732 sinistrum.
799 4703 844 4716 -
865 4665 905 4735 Α.
939 4659 1122 4732 Extremitas
1148 4661 1321 4732 vertebralis
1338 4667 1439 4728 costae
1458 4656 1511 4725 {¹⁰

190 4785 310 4850 dextrae
328 4785 363 4850 ad
383 4779 400 4850 3
420 4781 491 4869 poli.
512 4777 583 4849 Par.
616 4779 654 4848 ab
685 4781 809 4848 articulo
839 4781 1080 4848 costorertebraii
1103 4787 1250 4867 persecta.
1272 4817 1319 4828 —
1338 4773 1379 4845 B.
1404 4771 1510 4844 (1.1).

189 4895 402 4966 Extremitates
421 4895 601 4963 vertebraies
619 4907 767 4964 costarum
787 4896 856 4975 9⁸⁰,
882 4893 958 4963 {0¹⁰
978 4908 1007 4963 et
1026 4898 1169 4964 tt·0.-
1184 4891 1227 4963 Ε.
1246 4891 1395 4984 Cartiiago
1413 4898 1514 4959 costae

195 5014 271 5084 19¹⁰
289 5033 378 5103 prope
391 5013 561 5101 juncturam
580 5032 649 5081 eum
667 5021 748 5080 costa
766 5009 1011 5098 permota-F.
1032 5009 1182 5104 Cartiiago
1201 5022 1300 5078 oostae
1319 5009 1375 5076 5·ο
1392 5009 1512 5075 dextrae

192 5129 228 5196 ad
248 5128 290 5197 10
310 5130 365 5196 iix.
386 5127 456 5197 Par.
479 5129 650 5219 ajunctura
669 5148 737 5196 eum
767 5141 848 5194 costa
879 5137 1026 5215 persocia.
1047 5167 1092 5178 —
1112 5129 1153 5196 G.
1169 5126 1321 5216 Cartiiago
1339 5135 1438 5190 costae
1457 5121 1513 5192 9¹·

189 5247 324 5318 dextrae.
343 5281 392 5298 -
410 5245 449 5314 11.
474 5247 518 5316 Os
538 5247 626 5315 iteum
646 5244 782 5312 dextrum
799 5263 888 5332 prope
907 5245 1021 5332 spinam
1040 5245 1218 5313 anteriorem
1237 5239 1423 5330 superiorem
1445 5253 1512 5324 por-
