3682 6004
409 755 498 827 uteri
523 753 747 824 directionem
770 758 946 820 arcuatam
972 746 1113 827 babere,
1141 747 1357 818 concavitate
1380 756 1572 818 retrorsum
1590 747 1710 840 (venus
1725 775 1754 820 os

410 874 560 954 sacrum)
592 875 765 961 spectante
800 864 896 952 (Tab.
923 865 984 942 21.
1013 863 1072 959 fig.
1097 863 1227 934 dinter
1248 883 1284 956 g.
1304 861 1340 932 b.
1364 861 1449 934 Tab.
1469 864 1546 950 24).
1574 861 1608 952 b)
1628 866 1755 938 canalem

410 983 559 1054 cervicis
577 983 613 1052 in
630 981 722 1061 loco,
741 980 802 1050 nbi
822 981 856 1050 in
873 1002 1015 1051 caveam
1032 979 1186 1073 eorporis
1202 981 1291 1050 uteri
1317 979 1448 1057 transit,
1477 976 1691 1048 dlrectionem
1712 1005 1754 1050 ar·

410 1109 546 1168 cunum
562 1099 647 1192 (lere
666 1095 897 1190 angulosum),
917 1094 1132 1165 concavitate
1146 1102 1341 1165 antrorsum
1358 1098 1490 1180 (versus
1503 1117 1541 1162 os
1556 1092 1664 1185 pubis)
1679 1119 1754 1188 spec·

409 1223 514 1294 tante,
533 1213 647 1306 seqni;
668 1233 806 1282 caveam
823 1219 939 1280 autem
954 1209 1108 1280 matricis
1125 1209 1236 1303 ipsam
1253 1211 1448 1302 inutraque
1465 1231 1547 1278 casu
1567 1208 1687 1280 lincam
1698 1234 1756 1280 ree·

409 1341 491 1406 tam,
511 1325 666 1398 nonnihil
686 1324 873 1396 flexuosam
891 1333 1148 1418 repracsentare
1167 1323 1267 1418 (Tab.
1286 1328 1346 1410 22,
1367 1327 1428 1408 23,
1450 1324 1511 1418 fig.
1535 1324 1589 1420 2).

455 1443 488 1538 c)
509 1441 670 1512 Canalem
687 1440 830 1511 cervicis
848 1440 937 1510 uteri
956 1439 1056 1510 simul
1083 1462 1162 1510 cum
1191 1463 1299 1510 cavea
1328 1441 1482 1533 corporis
1508 1449 1543 1509 et
1567 1440 1664 1511 fundi
1686 1443 1757 1510 uteri

407 1580 511 1628 unam
529 1556 742 1650 eandemque
760 1555 985 1627 directionem
1002 1563 1193 1635 arcuatam,
1208 1555 1423 1625 concavitate
1441 1563 1638 1628 antrorsnm
1652 1553 1703 1649 (ad
1730 1579 1759 1624 or

412 1672 511 1768 pubis
529 1696 653 1754 verens,
665 1677 866 1766 spectante),
887 1694 1026 1743 servare
1045 1670 1146 1764 (Tab.
1164 1672 1226 1751 21,
1249 1667 1308 1763 fig.
1328 1669 1379 1762 2).

454 1787 491 1880 d)
514 1787 677 1858 Canalem
694 1785 842 1882 denique
860 1785 1015 1880 corporis
1033 1786 1122 1856 uteri
1141 1809 1248 1878 prope
1265 1784 1409 1855 bandum
1435 1785 1525 1856 uteri
1558 1785 1761 1856 directionem

409 1912 585 1973 arcuatam
606 1901 719 1996 sequi,
745 1904 957 1972 concavitate
974 1911 1169 1974 antrocsum
1185 1910 1360 1994 spectante
1380 1898 1483 1991 (Teb.
1503 1901 1646 1994 arsag.
1667 1901 1710 1994 1).

453 2018 489 2102 6)
507 2018 686 2098 Diversam
703 2016 790 2087 bane
811 2039 937 2086 careae
952 2017 1104 2086 matricis
1122 2014 1346 2085 directionem
1363 2013 1397 2083 in
1416 2024 1514 2085 utero
1532 2017 1679 2108 perfecte
1694 2037 1761 2084 sano

407 2141 442 2202 et
459 2133 641 2203 tenerrima
657 2141 767 2202 aetam
783 2131 875 2203 vitae
892 2130 992 2216 (Tab.
1009 2132 1070 2214 21,
1092 2129 1152 2224 fig.
1185 2129 1216 2222 l)
1237 2152 1430 2208 occurrere.
1462 2153 1502 2199 ao
1533 2132 1648 2224 potins
1664 2154 1682 2200 a
1697 2153 1761 2198 cau·

405 2249 452 2318 sis
468 2247 718 2328 accidentibus,
736 2257 807 2316 uta
827 2247 1002 2342 pressione
1019 2247 1271 2324 intestinorum,
1298 2243 1471 2314 vacuitate
1504 2247 1639 2316 vesicae
1665 2245 1763 2316 urina·

405 2365 491 2444 riae,
513 2365 777 2454 atnrgescentia
795 2360 892 2432 fundi
910 2371 986 2454 post
1004 2371 1139 2455 partum
1157 2371 1240 2437 etc..
1259 2383 1362 2455 quam
1387 2358 1431 2430 ab
1447 2358 1653 2430 alteratione
1680 2382 1761 2453 erga·

405 2479 482 2547 nica
501 2487 614 2547 textus
632 2477 719 2548 uteri
738 2475 942 2569 dependere.

453 2597 488 2677 7)
510 2591 656 2660 Labium
672 2593 824 2662 anterius
838 2591 967 2661 orificii
982 2593 1085 2669 uteri.
1104 2592 1239 2661 etiamsi
1253 2592 1366 2660 minus
1379 2589 1536 2683 longum,
1552 2613 1658 2685 qnam
1669 2601 1763 2684 poste·

405 2709 490 2778 rius.
508 2680 618 2797 mesple
638 2707 672 2774 in
690 2729 829 2776 caveam
847 2709 993 2798 vaginae
1012 2709 1204 2798 prominere
1223 2716 1257 2776 et
1285 2705 1424 2798 longius
1453 2730 1556 2800 wem
1585 2727 1703 2778 revera
1723 2717 1763 2774 est

406 2843 585 2914 apparere:
606 2821 697 2913 quod
716 2844 821 2913 prona
838 2823 1060 2893 inclinatione
1073 2825 1161 2892 uteri
1178 2833 1214 2892 et
1230 2823 1369 2916 obliqua
1385 2823 1530 2893 fornicis
1542 2823 1689 2914 vaginae
1704 2829 1763 2908 (cn-

401 2936 458 3029 jus
476 2938 588 3030 parics
604 2938 774 3029 posterior
792 2941 963 3008 anteriore
978 2939 1208 3032 longiorem),
1225 2939 1260 3008 in
1276 2939 1468 3030 portionem
1482 2937 1677 3032 saginatam
1690 2935 1763 3006 uteri

405 3051 592 3121 insertione
612 3051 780 3144 explicari
800 3063 922 3146 potest.
948 3053 1060 3141 (Cous.
1083 3052 1169 3123 Tab.
1187 3057 1249 3130 21.
1271 3055 1335 3146 fig.
1354 3053 1390 3123 3.
1409 3052 1497 3123 Tab.
1515 3056 1577 3134 22,
1596 3055 1659 3145 fag.
1679 3055 1724 3138 1).

452 3165 491 3259 8)
511 3165 640 3237 Plicam
655 3168 846 3262 peritonaei
864 3170 1130 3238 rectouterinam
1145 3166 1279 3260 (confer
1293 3191 1410 3238 omnes
1427 3167 1557 3262 icones)
1577 3167 1763 3262 plerumque

404 3306 473 3352 non
491 3283 594 3354 altius
612 3307 714 3378 quam
734 3284 858 3377 plicam
877 3286 1166 3356 vesicouterinam
1183 3286 1283 3354 sitam
1300 3307 1389 3368 esse,
1409 3282 1502 3378 qnod
1532 3283 1690 3354 nonnulli
1707 3284 1763 3371 (lo

403 3397 481 3472 bert
497 3397 640 3492 aliique)
655 3399 877 3476 contendunt.
901 3399 965 3490 (bl.
985 3399 1043 3470 sed
1063 3399 1276 3470 solummodo
1293 3401 1420 3470 fornici
1436 3399 1583 3493 vaginae
1603 3399 1656 3491 (x)
1669 3396 1763 3468 multo

404 3517 559 3606 propius.
582 3511 679 3605 (lab.
696 3516 756 3595 21,
776 3516 834 3608 lig.
857 3516 893 3585 3.
916 3515 1000 3586 Tab.
1021 3518 1081 3600 22,
1103 3514 1164 3609 fig.
1188 3519 1237 3610 l).

451 3627 630 3698 Sectiones
645 3628 756 3723 pelvis
774 3631 809 3702 in
828 3629 1052 3700 cadaveribus
1070 3629 1260 3723 congelatis
1278 3631 1414 3722 obliquo
1443 3631 1625 3699 directione
1655 3627 1762 3698 ductae

405 3745 587 3836 praecipue
604 3743 644 3814 ad
662 3745 846 3816 eruendam
859 3744 1199 3840 perlustrandamque
1226 3746 1464 3838 gravissimam
1488 3747 1662 3814 cincturae
1689 3754 1762 3812 orte·

402 3863 528 3928 rr'ornm
542 3859 717 3930 iliooorum
731 3864 967 3952 operationem,
989 3870 1025 3932 et
1041 3860 1085 3930 ad
1102 3861 1239 3953 regulas
1255 3871 1378 3938 certas.
1399 3857 1571 3954 quomodo
1586 3859 1761 3948 cnirngus

403 3995 506 4064 agere
523 3973 660 4060 debeat,
679 3977 874 4048 statuendae
893 3975 1170 4047 accommodatae
1190 3986 1281 4046 sunt.

451 4087 564 4172 Quum
582 4091 707 4162 vulnus
724 4089 767 4160 ad
784 4089 1022 4162 denudandam
1040 4093 1202 4160 arteriam
1220 4091 1354 4160 iliacam
1374 4093 1407 4160 in
1423 4092 1623 4186 operatione
1643 4087 1760 4158 rinctu-

405 4225 461 4272 rae
481 4203 680 4302 plerumque
698 4229 767 4278 non
787 4207 937 4300 perfecte
955 4231 971 4275 e
988 4208 1121 4297 cepione
1139 4207 1285 4276 arteriae
1303 4207 1409 4301 ipsine
1429 4209 1550 4298 parieti
1580 4199 1761 4276 abdominis

406 4315 591 4411 infligatur.
610 4335 781 4394 sectiones
797 4320 955 4417 obliquas
973 4321 1082 4413 pelvis
1103 4324 1147 4390 ita
1167 4322 1265 4400 drrxi,
1286 4331 1323 4392 ut
1340 4320 1443 4391 modo
1460 4324 1532 4392 loco
1549 4336 1579 4390 et
1597 4311 1763 4390 directioni

405 4433 558 4518 oduario,
577 4435 683 4531 (quod
701 4442 900 4532 plerumque
917 4437 1096 4530 obliquum
1123 4459 1194 4508 osse
1223 4441 1395 4527 novimus)
1426 4439 1568 4530 perfecta
1596 4429 1762 4524 respoude-

405 4559 490 4630 rent‚
508 4547 608 4618 modo
627 4551 672 4620 ita
692 4563 730 4622 ut
749 4551 871 4646 plagae
889 4549 969 4621 buic
995 4551 1096 4644 plane
1126 4549 1313 4644 parallelae
1341 4562 1453 4642 partes
1481 4549 1605 4621 molles
1636 4561 1670 4618 et
1694 4563 1760 4614 ossa

405 4661 617 4732 exactissime
630 4689 647 4734 e
660 4671 803 4756 cepione.
812 4669 873 4738 nbi
882 4669 1051 4738 vinculum
1066 4681 1183 4736 trunco
1200 4669 1355 4736 orterioli
1366 4668 1530 4759 injicitur,
1538 4667 1758 4760 persecarent.

455 4775 498 4845 Ut
513 4777 679 4870 imprimis
695 4781 779 4852 ordo
798 4793 832 4852 et
848 4785 933 4854 situs
953 4783 1100 4874 partium
1116 4783 1151 4852 in
1167 4781 1376 4852 sectionibus
1394 4781 1543 4875 obliquis
1559 4780 1647 4851 bene
1673 4779 1761 4848 intel·

405 4887 545 4982 ligatur,
566 4891 682 4965 icones
697 4917 830 4990 semper
846 4909 1039 4969 transversa
1059 4896 1247 4968 directione
1266 4906 1345 4966 ante
1361 4897 1480 4966 oculos
1493 4900 1620 4990 positas
1636 4893 1760 4987 conspi-

406 5005 535 5076 ciamur
552 5029 690 5078 neusse
706 5021 769 5092 eat;
788 5013 887 5085 aliter
904 5025 1018 5108 partes
1037 5013 1149 5086 lineae
1166 5012 1346 5084 medianae
1363 5013 1518 5107 corporis
1545 5014 1656 5106 magis
1684 5009 1760 5081 vici·

407 5141 470 5192 nae
489 5130 526 5191 ut
539 5121 761 5216 intrapositae
779 5129 1000 5223 apparebunt.
1030 5130 1098 5201 Ex.
1116 5151 1170 5223 gr.
1192 5128 1229 5200 in
1244 5129 1397 5202 sectione
1418 5127 1559 5222 obliqua
1589 5127 1699 5219 pelvis
1724 5121 1759 5193 ad

408 5233 599 5310 cincturam
631 5243 777 5314 arteriae
808 5241 930 5320 iliacae
959 5256 1122 5316 externae
1156 5243 1427 5340 perlustrandam
1459 5243 1625 5316 destinata
1661 5237 1757 5334 (conl.
