3666 6002
927 559 1166 626 ..qr-

410 742 526 812 Tun.
555 745 599 812 2.
630 739 798 812 Sectionem
828 743 957 814 thoracis
983 765 1034 831 per
1060 743 1260 812 extremitates
1291 739 1470 810 uertebralos
1494 749 1644 808 costarum
1664 742 1710 824 (ad

365 869 544 958 ¹7⁴-le
561 875 631 962 poll.
652 872 722 944 Par.
744 876 781 944 ab
798 876 922 944 articulo
943 876 1198 968 costorertebrell)
1225 883 1255 944 et
1280 893 1331 962 per
1360 873 1551 963 cartilagines
1580 874 1714 954 eustolus,

360 1009 579 1096 sectionemque
596 1007 760 1076 abdominis
779 1027 832 1096 per
849 1009 1014 1077 musculum
1033 1007 1159 1116 Rectum
1179 1009 1290 1076 sinistri
1308 1007 1409 1074 lateris
1431 1007 1478 1092 (ad
1498 1007 1540 1100 Ἰ,
1556 1005 1628 1094 poll.
1649 1001 1714 1073 Par.

361 1159 377 1206 a
397 1142 529 1230 margine
548 1140 641 1228 ipsius
658 1150 779 1209 externo
796 1141 826 1210 in
844 1141 1054 1234 longitudinem
1074 1142 1191 1209 ductam
1208 1141 1372 1208 adumbrat.

454 1342 587 1412 Cadaver
604 1343 743 1418 leminae.
764 1345 878 1412 mediae
896 1347 1013 1428 aetatis,
1035 1365 1109 1432 qnae
1126 1345 1294 1412 dilatatione
1311 1344 1540 1412 aneurismatica
1558 1351 1659 1410 nortae
1672 1361 1718 1408 as·

405 1457 557 1524 condentis
574 1457 737 1525 laborabat.
767 1457 911 1526 Valvnlae
928 1459 1124 1526 semiluneres
1148 1467 1246 1526 anrtae
1264 1459 1348 1546 paulo
1366 1459 1562 1525 incrassatae.
1599 1453 1658 1524 Cor
1672 1475 1716 1522 sa·

405 1591 488 1656 num,
509 1575 536 1638 si
554 1592 672 1660 paruam
696 1573 932 1663 hypertrophiam
955 1575 1110 1642 uentriculi
1133 1575 1246 1641 sinistri
1276 1576 1441 1661 exceperis.
1473 1571 1550 1642 Lien
1573 1571 1717 1638 volumine

405 1687 491 1772 paulo
509 1687 651 1754 adauctus
667 1695 696 1755 et
714 1689 877 1758 induratus.
917 1687 1109 1757 Ventriculus
1126 1693 1195 1757 aire
1212 1697 1241 1756 et
1257 1689 1371 1776 liquore
1392 1696 1542 1788 eptensus.
1579 1685 1716 1754 Intestina

405 1802 546 1890 collapsa.
567 1801 679 1889 Liquor
698 1805 870 1894 congelatus
887 1823 905 1872 e
922 1824 992 1872 cano
1010 1803 1164 1871 uentriculi
1181 1813 1210 1870 et
1228 1805 1431 1870 intestinorum
1450 1821 1579 1870 necnon
1597 1799 1716 1890 coagula

403 1919 560 2008 sanguinis
577 1919 723 2008 congelati
742 1939 777 1986 er
795 1921 879 1986 atriis
897 1928 926 1986 et
943 1919 1114 1986 ventriculis
1133 1917 1230 1986 cordis
1247 1929 1358 1986 remote
1377 1926 1456 1985 sunt.

449 2119 642 2210 Segmentnm
669 2123 808 2190 sectionis
834 2123 987 2190 sinistrum
1014 2142 1041 2190 s.
1061 2130 1227 2190 externum.
1248 2157 1297 2172 —
1312 2122 1353 2188 al.
1374 2117 1524 2210 Cartilugn
1541 2128 1644 2186 costae
1661 2118 1712 2188 3·ο

400 2235 437 2302 ad
456 2235 475 2304 3
494 2236 548 2302 lin.
567 2233 639 2304 Par.
659 2257 676 2304 e
691 2237 830 2324 junctura
846 2237 932 2324 bajus
950 2237 1133 2326 cartilaginis
1150 2254 1217 2304 oum
1240 2244 1321 2304 costa
1339 2243 1369 2303 et
1385 2233 1419 2302 ad
1444 2234 1507 2324 l½
1525 2233 1581 2302 lin.
1602 2233 1714 2320 ajunc-

400 2361 548 2418 turanum
567 2359 830 2439 sternnpersecte.
852 2389 899 2402 -
919 2350 960 2418 B.
981 2348 1018 2418 0.
1035 2349 1081 2418 D.
1107 2350 1147 2418 Ε.
1169 2349 1213 2418 F.
1238 2348 1434 2440 cartilagines
1451 2357 1603 2416 costarum
1622 2347 1657 2430 4,
1679 2347 1710 2431 5,

402 2466 436 2548 6,
458 2467 476 2534 7
495 2477 525 2534 et
541 2468 609 2536 8⁸⁰·
626 2502 675 2516 -
695 2466 735 2534 G.
758 2464 798 2532 H.
834 2462 1045 2534 Extremitatos
1075 2465 1256 2534 vertebrales
1287 2473 1434 2532 costarum
1461 2463 1516 2532 5⁸⁰
1533 2472 1563 2530 et
1582 2461 1650 2532 6¹⁰·
1669 2499 1713 2514 -

399 2581 430 2648 1.
450 2580 537 2650 Costa
557 2583 593 2650 7·
613 2582 648 2650 ed
671 2582 683 2648 l
707 2579 778 2668 poll.
800 2589 830 2648 et
848 2581 867 2648 8
886 2581 941 2648 lin.
962 2578 1033 2648 Par.
1055 2580 1092 2648 ub
1110 2580 1234 2648 articulo
1251 2579 1491 2648 costenertebrali
1508 2590 1713 2666 persecta-

399 2693 443 2764 lt.
459 2695 496 2764 L.
513 2694 563 2765 lt.
579 2696 624 2764 Ν.
644 2693 855 2762 Extremitates
873 2695 1055 2762 vertenrsles
1073 2704 1221 2764 costarum
1241 2693 1275 2778 8,
1297 2692 1332 2770 tl,
1355 2693 1398 2764 tt
1413 2701 1443 2762 et
1462 2694 1541 2762 qqsa
1558 2703 1713 2780 persecta-

396 2830 475 2878 rum.
495 2847 543 2862 -
562 2809 603 2880 0.
623 2809 711 2879 Costa
732 2810 818 2878 qqm·
836 2811 873 2878 ad
894 2805 957 2893 lV.
977 2810 1048 2897 poll.
1068 2807 1141 2878 Per.
1170 2810 1207 2878 ab
1232 2809 1357 2878 articulo
1374 2809 1618 2878 cnstouortebrali
1647 2829 1714 2898 per·

396 2936 491 2994 secta.
510 2965 558 2976 -
579 2925 619 2994 P.
640 2923 716 2994 Pars
733 2927 869 3014 superior
887 2929 950 2994 siue
968 2927 1049 2994 basis
1067 2928 1144 2994 ossis
1160 2928 1238 2994 sacri
1256 2927 1292 2994 ad
1311 2927 1331 2994 8
1350 2927 1404 2994 lin.
1432 2923 1505 2995 Par.
1534 2947 1550 2994 a
1577 2928 1712 3017 margine
1818 2939 1819 2948 ‘

396 3043 510 3109 interno
526 3042 695 3129 symphysis
713 3041 907 3110 saoroiliacae
924 3043 1065 3128 perseotl.
1081 3079 1129 3092 -
1143 3041 1184 3124 (l.
1201 3039 1314 3110 Remus
1331 3041 1520 3110 horizontalis
1534 3042 1615 3109 ossis
1629 3042 1711 3129 pubis

394 3156 507 3224 sinistri
525 3158 561 3224 ad
581 3160 594 3224 l
618 3157 690 3245 poll.
709 3165 739 3226 et
757 3157 776 3224 7
795 3156 847 3224 lin.
869 3154 940 3224 Par.
962 3177 978 3224 a
996 3158 1149 3245 sympbpsi
1166 3165 1332 3244 persectns.
1348 3193 1396 3208 -·
1412 3156 1456 3226 li.
1473 3155 1516 3223 ll.
1534 3154 1581 3226 Μ.
1601 3155 1711 3226 Rectus

393 3270 558 3340 abdominis
575 3274 695 3340 sinister
711 3273 748 3339 ad
767 3269 807 3360 V,
824 3273 893 3360 poll.
915 3270 988 3341 Par.
1008 3292 1025 3339 n
1043 3273 1178 3364 margine
1195 3257 1290 3359 ipsius
1306 3281 1427 3340 artemo
1445 3272 1475 3338 in
1491 3271 1707 3362 longitudinem

394 3394 559 3471 perseotns,
580 3387 608 3454 in
626 3387 815 3476 cartilagines
832 3398 982 3456 costarum
1001 3386 1037 3472 5,
1056 3387 1119 3456 det
1138 3388 1192 3456 7⁸⁰
1210 3390 1340 3456 insertus
1357 3397 1387 3456 et
1402 3386 1500 3456 tribus
1517 3387 1709 3476 inscriptio-

394 3498 490 3564 nibus
508 3499 669 3566 tcndincis
687 3521 719 3576 n,
737 3509 776 3589 β,
794 3527 826 3593 γ,
847 3503 991 3584 munitus,
1024 3519 1149 3588 querum
1174 3503 1259 3571 tertia
1277 3525 1299 3592 γ
1316 3501 1455 3570 umbilico
1473 3503 1644 3589 respondet.
1663 3537 1707 3552 -

393 3609 433 3678 S.
454 3609 499 3678 bl.
521 3607 613 3679 Psoas
631 3614 737 3702 major.
758 3651 805 3666 -
828 3615 867 3682 T.
889 3615 966 3684 Mm.
996 3614 1229 3686 Sacrolumbalis
1254 3628 1283 3685 et
1312 3616 1519 3707 Longissimus
1550 3617 1644 3686 dorsi.
1664 3653 1708 3670 -

393 3746 426 3791 o.
448 3724 477 3790 d.
500 3747 529 3794 c.
550 3724 647 3794 Cuneo
667 3729 786 3814 pleuree
803 3731 954 3798 sinistrae.
975 3767 1023 3782 -
1041 3731 1075 3800 d.
1095 3728 1201 3800 Pulmo
1218 3733 1350 3798 sinister.
1370 3769 1418 3782 -
1435 3752 1462 3800 c.
1484 3754 1511 3800 c.
1533 3753 1562 3801 e.
1594 3731 1706 3800 Saccus

389 3841 546 3926 pericardii
565 3842 709 3929 liquorom
723 3845 908 3932 congelatum
927 3847 1092 3914 continens.
1107 3883 1155 3896 -
1166 3843 1192 3936 l.
1202 3846 1264 3936 Μ.
1285 3846 1412 3916 Lumina
1429 3865 1532 3916 serosa
1549 3847 1706 3934 pericardii

391 3955 578 4042 superliciom
608 3968 759 4024 externam
790 3959 888 4026 cordis
919 3962 1091 4030 investiens.
1112 3981 1197 4050 -q
1231 3959 1376 4030 Annicula
1393 3963 1491 4030 cordis
1507 3963 1640 4030 sinistra.
1659 3997 1707 4012 -

391 4068 422 4140 n.
446 4069 545 4140 Cunus
562 4075 725 4140 arteriosus
743 4076 897 4141 ventriculi
915 4075 1013 4144 cordis
1030 4076 1138 4158 dextri,
1158 4076 1275 4165 oblique
1293 4085 1457 4164 persectus.
1476 4114 1524 4127 -
1538 4076 1565 4144 ι’.
1586 4074 1703 4144 lnitium

391 4188 519 4253 arteriae
537 4188 729 4272 pulmonalis.
752 4187 783 4256 la.
805 4187 837 4258 n.
859 4188 941 4258 Dnee
961 4190 1092 4260 valvulae
1109 4191 1305 4260 semiluuures
1322 4193 1450 4260 arteriae
1466 4191 1703 4278 pulmonalis.-

393 4300 416 4368 l.
439 4299 629 4369 Ventriculus
660 4304 756 4370 cordis
785 4303 886 4372 denter
915 4305 1032 4393 oblique
1062 4317 1227 4394 persuetus.
1248 4329 1355 4374 -νη,
1383 4303 1505 4393 Septum
1525 4304 1703 4372 uentriculo·

390 4433 467 4480 rnm.
489 4453 535 4466 -
554 4438 587 4483 n.
619 4413 807 4486 Ventriculus
837 4420 956 4486 sinister
982 4420 1099 4508 obliquo
1127 4422 1201 4488 inlra
1226 4421 1372 4489 orilicinm
1389 4440 1531 4489 uenosum
1548 4420 1700 4488 sinistrum

391 4539 555 4616 porscotus.
575 4569 620 4580 -
641 4555 671 4600 o.
692 4529 787 4600 Parve
805 4535 947 4620 particula
965 4537 1045 4602 sacci
1064 4536 1298 4619 aneurismaticl,
1321 4538 1370 4624 qni
1388 4536 1529 4623 parietem
1547 4535 1699 4603 sinistrum

388 4652 488 4710 nortae
519 4647 705 4713 ascendentis
734 4649 908 4734 occupabat.
932 4685 979 4700 -
992 4671 1028 4738 p.
1049 4671 1085 4738 p.
1106 4647 1319 4740 Diupbragma.
1340 4687 1387 4700 —
1404 4672 1437 4738 q.
1457 4671 1490 4740 q.
1510 4671 1543 4738 q.
1574 4647 1698 4718 Lamina

388 4759 536 4844 parietalis
556 4761 728 4846 peritonaei.
749 4799 796 4815 -
815 4759 859 4851 q'.
881 4761 926 4852 q’.
946 4761 1123 4832 lnlleriones
1154 4765 1327 4853 peritonaei,
1351 4785 1427 4853 qnae
1449 4764 1485 4830 ad
1507 4764 1697 4854 ligamentum

387 4875 568 4962 triangulare
585 4876 739 4944 sinistrum
757 4876 871 4965 bepetis
888 4879 1071 4946 formandum
1089 4881 1264 4948 inserviunt.
1284 4917 1332 4930 --
1349 4903 1377 4948 r.
1397 4900 1427 4946 r.
1453 4877 1629 4946 lnllexiones
1645 4897 1696 4966 pe·

387 4987 523 5072 ritnnaei,
549 5007 625 5076 quoe
648 4990 684 5058 nd
708 4990 866 5079 ligamenta
892 4993 1141 5082 pbrenicolienale
1164 5005 1193 5062 et
1222 4995 1400 5064 renolienalc
1420 4993 1571 5062 lormanda
1600 4994 1695 5060 lusor·

387 5104 483 5172 vlunt.
502 5139 550 5156 -
567 5124 595 5174 s.
616 5101 697 5172 Plica
715 5105 889 5192 peritonaei,
922 5129 998 5196 quae
1020 5129 1107 5178 unam
1134 5109 1295 5198 portionem
1314 5109 1463 5197 ligamenti
1480 5107 1697 5198 gastrolienalis

386 5219 549 5288 constituit.
569 5255 618 5270 -
636 5231 659 5286 t.
686 5230 709 5286 t.
732 5231 755 5290 t.
787 5219 908 5290 Lamina
939 5226 1100 5312 peritonaei
1129 5227 1292 5314 portionem
1322 5224 1488 5292 cardiacam
1507 5231 1536 5290 et
1557 5225 1695 5310 parietem
