3682 6004
675 587 911 656 ...pp-

157 771 268 838 omenti
286 769 420 857 majoris,
447 788 504 856 puro
529 781 646 856 septum
669 773 826 840 humarum
849 773 1039 840 omentalinm
1065 777 1209 844 munitum
1235 785 1293 856 est,
1322 781 1470 849 introduc·

155 897 236 968 turn,
256 887 282 952 si
301 901 419 954 sursum
439 895 468 951 et
486 885 672 954 dextrorsum
689 888 800 969 tendet,
821 889 851 956 in
869 905 988 957 mireum
1006 890 1069 956 sire
1085 890 1206 960 bursam
1224 895 1333 962 omenti
1351 897 1473 964 uninoris

155 1003 277 1068 intrare.

157 1215 277 1286 'l'nrm
298 1217 345 1285 ὅ.
364 1213 465 1284 Sentio
481 1233 571 1304 prope
588 1215 698 1286 lineam
715 1215 812 1284 neam
829 1232 882 1304 per
902 1235 944 1284 m.
966 1215 1092 1286 Rectum
1116 1219 1280 1291 abdominis
1303 1224 1470 1309 sinistrum,

104 1349 234 1438 margini
253 1349 346 1437 ipsius
366 1349 483 1418 interno
498 1347 631 1437 propius,
650 1365 703 1436 per
721 1369 755 1416 os
771 1349 863 1417 sterni
881 1351 917 1416 ad
936 1349 956 1419 5
975 1351 1029 1420 lin.
1046 1341 1118 1422 Per.
1136 1375 1153 1423 a
1163 1357 1303 1444 junctura
1320 1375 1387 1426 cum
1405 1377 1470 1425 car·

102 1480 280 1571 tilaginibne
299 1488 447 1548 costarum
466 1479 582 1550 sinistri
598 1480 701 1550 lateris
718 1489 747 1550 et
764 1483 801 1549 ad
815 1483 880 1566 ΒΨ,
899 1479 1039 1555 limpor.
1058 1485 1094 1553 ab
1107 1487 1209 1557 eadent
1223 1490 1362 1580 junctura
1379 1491 1472 1560 dextri

101 1615 222 1698 lateris,
241 1633 297 1682 neo
314 1633 372 1682 non
388 1631 442 1701 per
459 1612 600 1682 articulos
618 1635 810 1701 processuum
828 1615 1031 1683 uertebrarum
1049 1617 1235 1710 obliquorum
1252 1623 1470 1692 ascendentium

97 1757 130 1812 et
151 1748 391 1814 descendentium
411 1746 439 1814 in
458 1747 667 1836 longitudinem
686 1747 785 1814 ducta.

201 1947 334 2018 Cadaver
350 1948 479 2016 hominis
498 1949 612 2016 mediae
630 1952 749 2019 aetatis.
778 1945 900 2040 Organa
922 1949 1087 2022 abdominis
1104 1974 1189 2024 sana.
1218 1955 1338 2028 (Ianalis
1355 1961 1469 2029 intesti-

149 2065 227 2132 nelis
245 2067 309 2132 lere
328 2063 445 2132 uiduus.
478 2059 606 2132 Parrum
632 2065 804 2132 exsudatum
832 2086 965 2134 serosum
992 2068 1021 2136 in
1044 2088 1115 2136 caro
1137 2072 1300 2160 peritonaei
1318 2075 1467 2144 relietum.

151 2175 313 2248 Omentum
333 2189 361 2248 et
380 2181 591 2248 mesentcrium
609 2181 693 2268 adipe
710 2178 870 2249 abundant.

197 2381 392 2475 Segmentum
410 2385 550 2452 sectionis
568 2384 713 2452 dextrum.
730 2423 776 2433 -
797 2389 838 2453 Α.
854 2385 895 2454 Α.
916 2383 1047 2474 Corpora
1066 2389 1268 2457 uertebrarum
1287 2385 1319 2478 (a
1333 2393 1469 2462 uertebra

148 2499 229 2568 dorsi
267 2499 326 2567 ld·
347 2501 493 2586 usquead
517 2501 747 2588 promontorium
770 2503 846 2568 os'sis
869 2503 961 2592 sacri)
989 2521 1079 2590 prope
1108 2505 1248 2572 articulos
1277 2525 1468 2594 processuum

148 2613 333 2702 obliquorum
351 2617 379 2681 in
395 2615 606 2704 longitudinem
625 2624 772 2702 persecta.
789 2653 836 2666 -
851 2613 893 2684 B.
911 2615 1023 2684 Remus
1042 2617 1229 2687 horizontalis
1248 2619 1369 2688 sinister
1382 2623 1466 2708 puluis

148 2731 185 2797 ad
201 2729 219 2799 3
235 2729 288 2797 lin.
306 2723 379 2797 Par.
397 2749 413 2795 a
429 2729 582 2817 spmphpsi
600 2729 685 2818 pubis
703 2742 868 2816 persecurus.
885 2768 931 2781 -
947 2755 980 2798 n.
998 2753 1031 2799 n.
1049 2729 1318 2824 diaphragma-
1333 2735 1364 2802 d.
1382 2737 1414 2802 d.
1432 2736 1464 2805 d.

153 2847 264 2916 liittern
283 2846 355 2914 laec
377 2864 430 2932 per
453 2861 598 2928 errorem,
625 2848 653 2912 in
673 2845 694 2912 cl
713 2851 850 2930 mutata).
887 2843 1012 2914 Lamina
1042 2848 1193 2934 perietalis
1224 2851 1396 2938 peritonaei.
1418 2882 1467 2902 -ι-

148 2983 176 3028 c.
200 2981 229 3031 c.
251 2959 426 3030 inflexiones
444 2961 604 3048 peritonaei
622 2981 697 3048 quae
716 2962 751 3026 ad
769 2961 952 3028 formandum
980 2963 1170 3050 ligamentum
1201 2967 1386 3032 coronarium
1413 2963 1463 3032 he·

148 3075 227 3164 petis
245 3077 420 3144 inservient.
442 3113 490 3126 -
508 3075 542 3144 d.
574 3073 782 3166 Ligamcntum
804 3075 1110 3162 hepaticoduodenale‚
1130 3077 1214 3164 eujus
1229 3081 1331 3166 peries
1345 3081 1465 3146 sinister

148 3193 187 3260 ad
202 3193 386 3260 forniandum
404 3191 524 3258 bursam
544 3191 653 3259 omenti
673 3191 795 3258 minoris
819 3213 846 3258 c.
868 3213 896 3258 e.
917 3214 944 3258 c.
967 3193 1101 3270 inseruit,
1129 3195 1227 3279 paries
1252 3203 1322 3260 uero
1348 3195 1460 3271 denter,

148 3329 179 3397 g.
202 3322 235 3397 9.
257 3307 442 3376 inluminent
462 3323 607 3387 serosem,
637 3323 712 3394 quae
738 3305 922 3393 superficiem
950 3322 1106 3374 concauam
1134 3309 1247 3393 hepatis
1273 3316 1303 3374 et
1321 3311 1462 3394 parietem

146 3427 324 3492 anteriorem
349 3423 442 3513 pyloni
462 3425 520 3506 (ool
541 3421 660 3488 inuoluit
690 3422 888 3488 continuatur.
908 3457 956 3470 -
973 3419 1028 3509 p’'.
1049 3420 1104 3510 p’'.
1133 3419 1318 3490 continuatio
1335 3423 1461 3492 laminae

147 3561 282 3624 serosne,
310 3559 384 3628 qnae
406 3539 548 3625 parietem
574 3539 752 3606 anteriorem
776 3540 867 3624 partis
884 3547 1070 3606 transuersae
1086 3539 1249 3625 superioris
1273 3537 1398 3606 duodeni
1414 3541 1460 3608 in·

145 3659 245 3738 restit,
266 3659 297 3723 in
313 3657 454 3743 parietem
472 3655 650 3722 anteriorem
669 3654 778 3720 omenti
796 3655 927 3740 majoris.
953 3691 1000 3706 -
1019 3652 1051 3722 lo.
1073 3653 1104 3724 d.
1133 3651 1293 3722 Omentum
1318 3657 1414 3747 majus
1431 3661 1459 3726 in

144 3773 287 3840 cadauere
305 3771 361 3839 troc
377 3769 582 3858 longissimum
597 3781 626 3836 et
639 3789 733 3854 usque
747 3769 783 3834 ad
797 3769 924 3836 uesicam
941 3771 1102 3837 urinariam
1120 3778 1313 3856 protractum.
1329 3807 1377 3820 -
1390 3773 1414 3837 ι’.
1431 3773 1455 3842 o‘.

144 3885 269 3955 lndcrio
295 3895 325 3954 et
349 3887 526 3952 continuatio
556 3885 678 3972 parietis
706 3883 862 3950 anterioris
889 3886 997 3950 omenti
1019 3884 1140 3971 majoris
1158 3885 1187 3950 in
1204 3883 1346 3971 parietem
1364 3885 1457 3970 ipsius

144 4002 351 4089 posteriorem.
372 4037 418 4050 -
436 3998 468 4066 lo.
490 4000 522 4066 lo.
543 3997 667 4067 Lamina
684 3999 806 4066 interior
824 3998 964 4066 mesocoli
983 4001 1156 4067 uensocrsi.
1176 3995 1308 4084 Spatium
1325 3997 1454 4070 cllidum

143 4119 220 4186 inter
243 4117 369 4184 laminas
386 4111 428 4204 p''
446 4125 476 4181 et
493 4113 513 4182 lo
531 4115 677 4182 inclusum
704 4114 894 4202 ligamentum
923 4114 1148 4201 gastrocolicunu
1174 4124 1232 4197 est,
1259 4115 1289 4181 in
1313 4115 1457 4182 cadavere

144 4233 199 4300 lroe
218 4234 302 4318 adipe
318 4227 401 4299 uelde
424 4229 590 4296 ntentans.
625 4227 749 4298 Lamina
769 4229 902 4314 superior
919 4227 1059 4295 mesocoli
1076 4229 1237 4294 transversi
1256 4237 1371 4317 propter
1389 4248 1452 4296 aro·

142 4360 202 4414 tam
221 4349 314 4435 ipsius
333 4348 363 4412 in
379 4347 503 4434 regione
522 4343 576 4410 hae
593 4363 659 4410 curn
686 4343 793 4410 lamina
817 4341 956 4410 interiore
985 4343 1245 4432 contignationem,
1273 4351 1304 4410 ut
1329 4353 1452 4411 stratum

141 4475 230 4530 tenue
247 4461 375 4528 albidum
395 4459 520 4526 laminae
539 4459 671 4526 interiori
692 4457 739 4550 (le)
758 4460 987 4546 suprapositum,
1007 4459 1085 4524 nulla
1104 4457 1180 4524 linea
1198 4459 1283 4547 nigra
1297 4457 1451 4526 limitatum

141 4587 171 4645 et
188 4577 267 4644 nulla
285 4577 380 4642 littera
398 4575 557 4642 indicatum
578 4573 608 4640 in
626 4575 710 4642 icone
727 4574 918 4660 conspicitur.
942 4611 978 4622 -
1005 4571 1030 4642 l.
1061 4569 1246 4641 Continuetio
1263 4571 1390 4642 laminae
1406 4575 1450 4640 irr-

140 4693 259 4760 terioris
289 4689 429 4758 mesoeoli
457 4692 632 4770 transversi,
664 4705 770 4775 corpus
795 4687 960 4775 percreatis
981 4683 1025 4776 (o)
1051 4697 1080 4754 et
1103 4689 1247 4775 parietem
1273 4689 1449 4758 anteriorem

140 4805 273 4876 flexurae
290 4803 557 4892 duodenojejunnlis
579 4807 633 4889 (ool
654 4805 824 4872 inuestiens.
847 4841 892 4852 —
910 4825 953 4869 m.
982 4799 1105 4872 lnllerio
1131 4803 1257 4872 laminae
1282 4803 1403 4892 hujusce
1420 4805 1448 4870 in

140 4943 173 4990 rr.
196 4918 256 4989 n’'.
276 4923 485 4988 mesentcrinm
507 4919 634 4987 intestini
648 4917 753 5007 jejuni.
771 4955 818 4970 -
834 4941 864 4984 o.
884 4937 913 4984 o.
932 4915 987 4984 p”.
1006 4915 1074 4986 o''’.
1091 4914 1160 4986 o”'.
1180 4915 1356 4986 inflexiones
1370 4917 1446 5005 peri·

138 5035 236 5105 tnnael
254 5035 290 5103 nd
307 5035 489 5104 formandum
509 5035 717 5104 mesentcrium
736 5033 860 5102 aliorum
878 5035 1082 5100 intestinorum
1097 5035 1241 5104 tenuium.
1260 5071 1304 5086 -
1314 5052 1351 5122 p.
1368 5031 1446 5100 Con·

138 5151 260 5219 tinuatio
277 5151 407 5239 ejusdem
422 5153 549 5220 laminae
564 5151 592 5218 in
604 5171 639 5242 p.
652 5148 712 5239 p''.
732 5149 898 5219 mesocolon
912 5147 1042 5217 derurac
1059 5147 1261 5239 spgmoideae.
1280 5184 1323 5198 -
1337 5167 1369 5236 q.
1385 5141 1440 5235 p'’.

136 5265 220 5336 ilica
249 5267 469 5336 meteresicalis
498 5269 671 5355 peritonaei.
692 5303 738 5318 -
755 5287 783 5333 r.
813 5263 910 5332 Ledus
936 5265 1056 5332 sinister
1082 5263 1206 5354 hepatis.
1228 5299 1274 5314 -
1291 5283 1317 5330 a.
1343 5259 1447 5331 Lobur·
