3682 6004
708 633 950 701 ..17-

82 843 87 859 ·
197 818 297 906 ginem
322 815 662 906 (parietembligamentl
677 817 966 910 phrenion-gastrim
982 829 1101 909 tegens.
1121 821 1154 890 ln
1173 825 1228 892 boe
1245 828 1309 895 loco
1326 833 1512 902 uentriculus

194 951 287 1018 prope
304 931 459 996 sinistrum
477 932 622 1018 parietem
639 932 759 1001 cardine
776 947 929 1022 persuetus
947 947 1003 1006 est.
1024 973 1073 988 -
1090 957 1124 1006 e.
1147 935 1307 1008 Omcutum
1330 947 1425 1033 majus
1451 952 1512 1015 sive

196 1047 437 1134 gastroeolicnm.
461 1082 511 1097 —
528 1068 566 1136 p.
599 1045 693 1116 Calon
721 1059 936 1119 transversum.
959 1089 1009 1106 -·
1035 1073 1068 1138 p.
1100 1050 1215 1140 Corpus
1244 1063 1412 1142 procreatis
1440 1064 1518 1130 inter

194 1173 350 1249 utramque
367 1162 507 1228 laminam
525 1163 666 1230 mesocoli
684 1167 846 1231 transversi
866 1165 906 1255 (s.
928 1167 971 1255 i.)
989 1167 1242 1238 inclusum—r.
1264 1169 1391 1259 Capsnla
1408 1193 1513 1263 supra·

193 1276 307 1343 renalrs
324 1277 457 1342 sinistra.
477 1311 522 1326 -
542 1297 569 1342 e.
589 1275 709 1345 lnitium
729 1279 859 1345 intestini
874 1279 980 1366 jejuni.
1004 1315 1050 1334 ·-
1070 1293 1126 1351 tt.
1140 1295 1163 1349 t.
1186 1283 1288 1351 Ansac
1307 1288 1514 1358 intestinorum

195 1393 329 1460 munium
347 1391 527 1458 masenterio
544 1391 674 1458 adnexae
691 1402 720 1460 et
737 1392 831 1462 libare
850 1395 880 1460 in
895 1413 968 1462 earo
985 1397 1146 1482 peritonaei
1164 1409 1312 1468 natantes.
1328 1437 1376 1454 -
1388 1423 1424 1470 ao.
1446 1403 1470 1472 F
1474 1407 1513 1472 le-

193 1525 267 1574 xnra
286 1504 460 1596 spgmoidea
479 1506 610 1575 intestini
629 1507 698 1576 coli.
733 1505 845 1576 Vesica
871 1510 1002 1578 urinaria
1026 1512 1112 1578 uidua
1135 1523 1164 1578 et
1186 1515 1315 1601 collapsa
1334 1519 1364 1582 in
1381 1521 1514 1588 sectione

192 1621 247 1691 bae
265 1639 321 1690 non
339 1621 531 1708 conspicitur.

192 1835 313 1906 Tan.
335 1835 383 1904 Ι.
410 1830 507 1902 Cavea
533 1834 699 1904 abdominis
725 1855 777 1922 per
799 1837 927 1906 medium
945 1840 1113 1908 musculum
1129 1839 1255 1910 Rectum
1273 1844 1427 1912 sinistrum
1446 1867 1515 1933 per·

141 1976 242 2036 saeta.
263 1965 357 2034 Linea
375 1985 482 2034 secans
498 1985 552 2054 per
568 1968 760 2058 cartilagines
777 1979 941 2046 costarum,
961 1971 1127 2047 musculum
1146 1970 1271 2040 llcrtum
1286 1975 1442 2046 sinistrum
1459 1981 1513 2048 ab·

142 2101 286 2183 dominis,
318 2099 521 2166 extremitates
550 2100 732 2167 uertebroles
761 2111 911 2168 costarum
932 2109 973 2184 et,
1000 2113 1118 2190 propter
1141 2123 1260 2192 parram
1279 2110 1511 2180 incursationem

143 2231 298 2298 lateralem
316 2223 409 2318 partis
426 2231 564 2299 lumbalis
582 2231 736 2298 columnae
753 2233 942 2309 vertebratis,
971 2254 1023 2320 per
1049 2237 1214 2326 marginem
1233 2239 1387 2308 sinistrum
1406 2261 1510 2330 corpo·

138 2385 206 2432 rum
226 2366 428 2434 uertebrarum
446 2363 619 2432 lumbalium
639 2363 673 2445 5,
696 2364 730 2446 d,
753 2363 809 2434 3Ιο
825 2366 924 2434 dueta.

235 2575 369 2645 Cadarer
393 2575 521 2644 hominis
544 2577 659 2646 mediae
682 2578 800 2646 aetatis.
837 2575 947 2646 Nullae
973 2580 1150 2647 mutationes
1180 2583 1339 2672 organicae
1365 2587 1511 2654 notabiles

185 2693 335 2760 uiscerum
352 2693 484 2761 thoracis
501 2701 531 2762 et
549 2691 727 2762 abdominis.
747 2689 941 2762 Ventriculus
958 2715 1068 2762 uacuus
1082 2707 1110 2762 et
1124 2695 1285 2784 collapsus.
1305 2695 1397 2768 Colon
1410 2711 1507 2769 trena·

184 2825 305 2875 uersum
325 2810 394 2876 aire
411 2818 578 2876 extensum.
611 2805 739 2876 Paruum
758 2807 931 2875 exsudatum
950 2828 1085 2878 serosum
1106 2813 1133 2876 iu
1152 2831 1223 2879 caro
1241 2815 1416 2900 peritonaei.
1448 2815 1506 2884 Ca·

68 2927 75 2942 '
184 2923 276 2991 darer
293 2923 324 2990 in
342 2925 400 2992 sitn
418 2925 523 3013 supino
540 2923 739 3013 congelatum.

231 3108 426 3200 Segmamum
445 3111 586 3178 sectionis
603 3109 750 3177 dextrum.
767 3145 814 3160 -·
827 3109 870 3180 A.
887 3107 1038 3199 Cartilago
1056 3121 1155 3178 costae
1170 3110 1234 3178 6⁸⁶·
1248 3147 1297 3164 -
1313 3113 1353 3182 B.
1372 3113 1411 3183 C.
1431 3114 1506 3184 Car·

184 3223 326 3314 tilaginas
344 3235 492 3293 costarum
514 3223 532 3291 7
552 3234 582 3292 et
600 3224 667 3292 8³·-
684 3259 731 3276 -
750 3221 851 3292 Μ.
863 3223 905 3290 F.
926 3221 1138 3292 Extremitates
1156 3227 1338 3296 vertebrales
1355 3239 1507 3298 costarum

185 3337 243 3420 10,
266 3341 303 3408 Η
327 3352 357 3406 et
379 3339 456 3408 ppos
473 3339 511 3406 ed
529 3341 572 3423 'A
589 3339 660 3426 poll.
681 3337 753 3408 Par.
775 3337 812 3406 ab
830 3339 953 3406 articulo
977 3339 1218 3408 eostornrtebrali
1236 3355 1507 3428 peremturum.—

183 3455 226 3524 G.
247 3452 487 3524 Promontorinm
505 3455 582 3522 ossia‘
599 3455 680 3522 sacri
696 3471 763 3522 eum
781 3453 864 3522 disco
886 3454 979 3535 tenui,
1008 3473 1025 3522 a
1046 3456 1168 3522 sinistro
1190 3459 1325 3546 margine
1346 3477 1503 3547 corporum

184 3571 392 3640 uertebrarum
411 3570 584 3640 lombalium
604 3570 671 3640 5¹⁸·
688 3568 745 3638 4¹⁰
763 3579 792 3638 at
810 3568 874 3638 3⁸⁸·
893 3569 1024 3638 absciso.
1043 3603 1092 3622 -
1110 3568 1153 3640 Η.
1182 3568 1298 3644 moos
1316 3574 1504 3644 borinontalis

181 3686 304 3754 sinister
322 3688 407 3774 pubis
424 3686 460 3754 ad
481 3689 495 3756 l
516 3687 586 3774 poll.
605 3683 679 3754 Par.
700 3705 717 3752 a
735 3685 887 3772 spmpbysi
904 3695 1070 3771 persuetus.
1086 3720 1133 3738 -
1153 3683 1183 3756 l.
1201 3685 1232 3755 1.
1252 3685 1299 3758 Μ.
1322 3687 1434 3758 licetne
1450 3691 1505 3758 ab·

182 3801 310 3866 dominis
339 3803 462 3868 sinister
493 3803 625 3868 sectione
653 3801 787 3868 verticuli
816 3801 845 3867 in
872 3801 944 3867 duas
970 3809 1070 3887 partes
1096 3803 1235 3887 aequales
1266 3814 1431 3890 persuetus.
1455 3841 1505 3857 ·-

179 3927 215 3980 α.
238 3912 395 4002 lnscriptio
412 3917 547 3983 tendinca
565 3917 660 4003 prima
678 3935 721 3982 m.
741 3913 827 3983 lleeti
846 3916 1024 3982 abdominis.
1041 3951 1089 3966 -
1105 3919 1144 4000 β.
1159 3933 1191 3999 γ.
1214 3916 1423 4004 inscriptiones
1437 3931 1502 3986 tee-

179 4027 285 4098 dinaae
301 4030 395 4118 ipsius
412 4031 542 4099 secunda
561 4041 591 4098 et
607 4031 706 4098 tertia.
728 4066 777 4082 -
794 4051 826 4096 c.
853 4051 887 4096 c.
905 4052 939 4097 n.
958 4027 1083 4100 Lamina
1102 4031 1263 4118 pentouaei
1279 4033 1444 4118 parietalis.
1455 4072 1501 4085 -

180 4144 213 4214 b.
233 4144 443 4236 ligamentum
461 4149 648 4216 coronarium
664 4145 777 4232 bepetis
790 4145 960 4212 sinistrum.
975 4180 1025 4197 -
1037 4165 1066 4212 e.
1084 4143 1207 4212 lubexio
1221 4147 1396 4231 peritonaei,
1410 4167 1501 4237 prope

179 4261 309 4330 cordiam
328 4261 485 4329 uentriculi
507 4261 543 4328 ad
567 4261 753 4328 lormandum
784 4261 978 4349 ligamentum
1006 4260 1336 4347 pbranieo-gastricum
1359 4282 1396 4330 an
1419 4276 1503 4350 parto

179 4374 356 4444 ioserrtuu.
374 4411 420 4426 -
435 4373 471 4443 d.
488 4373 523 4442 d.
541 4371 727 4444 Continuatio
745 4375 877 4462 ejusdcm
896 4373 1024 4442 laminae
1037 4375 1199 4461 peritonaei
1217 4373 1343 4443 inllenae
1357 4379 1500 4462 parietem

180 4489 359 4557 anteriorem
385 4491 540 4558 ventriculi
566 4489 718 4556 involuens
743 4501 773 4556 et
789 4490 827 4558 ad
843 4491 1075 4558 constituendam
1095 4489 1234 4558 laminam
1252 4491 1429 4560 anteriorem
1447 4515 1500 4580 pa-

178 4603 264 4669 rietis
281 4605 438 4671 anterioris
457 4605 568 4672 omenti
585 4604 772 4693 gastrcculici
791 4605 969 4672 inserviens.
984 4641 1031 4654 -
1045 4625 1073 4670 e.
1091 4623 1120 4669 e.
1137 4625 1163 4669 o.
1184 4603 1307 4673 Lumina
1320 4607 1495 4694 peritonaei.

179 4735 255 4803 quae
283 4720 426 4804 parietem
460 4721 653 4808 posteriorem
684 4718 839 4788 ventriculi
865 4721 911 4804 (u)
933 4719 1006 4807 tegit
1023 4729 1053 4788 et
1071 4719 1099 4784 iu
1117 4719 1287 4806 [laminam
1303 4723 1499 4810 posteriorem

176 4834 298 4920 parietis
322 4838 480 4906 anterioris
502 4839 613 4907 omenti
635 4837 823 4927 gastrocoliei
845 4838 1043 4906 condonatur.
1080 4835 1213 4910 Suetium
1232 4837 1363 4906 albidum
1382 4836 1499 4906 interd

177 4955 206 5016 et
223 4947 244 5034 s
253 4949 413 5020 lrnstulum
432 4954 543 5023 omenti
560 4953 682 5040 majoris
699 4961 769 5060 est,⁸
791 4953 866 5040 quod
891 4952 978 5039 paulo
1004 4953 1127 5018 interius
1152 4953 1258 5040 parieti
1284 4954 1423 5022 anteriori
1441 4952 1498 5020 coli

176 5068 340 5134 uuusoerot
357 5064 403 5157 (a)
418 5069 598 5138 solidissime
612 5068 762 5136 adbaeret.
784 5066 909 5135 Lamina
921 5067 1066 5155 posterior
1078 5067 1201 5152 parietis
1217 5069 1375 5136 anterioris
1387 5069 1498 5134 umenti

176 5179 299 5266 majoris
317 5180 337 5270 s
351 5183 381 5250 in
398 5185 540 5271 parietem
559 5183 753 5271 posteriorem
767 5183 921 5271 pbnjuseo
937 5184 1047 5250 omenti
1065 5179 1237 5257 inflectitur:
1260 5189 1409 5248 omentum
1427 5201 1498 5250 roro

175 5293 562 5443 miflfw⁰2¹⁰pm⁰⁵m⁵⁰
590 5307 743 5368 contortos
770 5301 799 5366 in
825 5298 965 5366 laminam
997 5301 1180 5384 superiorem
1200 5295 1256 5386 p”.
1278 5293 1336 5384 ψ’.
1368 5299 1494 5456 mareoli
