3682 6004
939 631 1156 714 ...l-

364 860 441 928 pars
455 836 603 931 pylorica
622 833 806 904 ventriculi
824 857 903 903 curn
923 833 1079 925 portione
1097 831 1325 902 descendente
1350 843 1385 902 et
1415 845 1606 908 transversa
1637 839 1718 908 inle·

360 955 452 1022 riore
470 949 633 1028 duodeni.
667 949 776 1018 cauda
812 957 847 1018 et
863 971 989 1040 corpus
1008 951 1214 1041 pancreatis.
1235 945 1336 1016 celon
1356 956 1603 1028 transversum.
1623 953 1719 1024 intes·

363 1069 432 1138 tina
451 1065 568 1136 tennia
584 1064 692 1134 radici
712 1065 907 1134 mesenterii
927 1062 1060 1132 adnexa
1079 1072 1114 1132 et
1132 1085 1210 1154 pars
1227 1061 1379 1132 llenurae
1404 1065 1626 1158 sygmnideae
1651 1093 1719 1161 per·

359 1193 449 1252 secta
472 1183 508 1252 in
527 1189 749 1274 conspectum
766 1178 949 1270 prodeunt.

408 1295 444 1382 8)
465 1297 625 1366 Sectione
643 1319 705 1388 per
722 1296 900 1385 marginem
918 1295 1081 1362 internum
1100 1307 1130 1362 st
1148 1316 1209 1383 per
1226 1295 1367 1362 medium
1396 1297 1576 1364 musculum
1594 1299 1721 1369 lisctsm

359 1413 546 1482 abdominis
562 1413 715 1481 dextrum
733 1411 768 1479 in
785 1408 1042 1502 longitudinem
1060 1409 1162 1480 ducta
1176 1409 1364 1502 ligamenta
1378 1410 1513 1503 hepatis
1531 1414 1720 1508 (suspenso-

358 1528 448 1596 rium
467 1535 502 1596 et
518 1525 736 1620 rotundum).
757 1523 856 1595 lnbns
873 1523 994 1594 denter
1011 1533 1046 1594 et
1063 1547 1105 1594 ex
1124 1533 1219 1617 parte
1237 1523 1337 1594 lubus
1355 1525 1495 1596 sinister
1512 1525 1660 1621 hepatis,
1676 1531 1720 1600 la·

357 1641 490 1711 ciecula
507 1641 649 1720 renelis,
664 1639 765 1710 lobus
777 1639 923 1732 Spigelii
943 1661 1048 1734 prope
1065 1640 1223 1710 foramen
1236 1639 1451 1719 Winslosrii.
1471 1665 1574 1712 cassa
1593 1647 1720 1714 omenti

358 1757 515 1832 minoris.
537 1755 660 1828 ductos
676 1755 820 1832 bilileri‚
841 1756 983 1848 pylorus
1000 1777 1078 1825 cnm
1098 1766 1192 1846 parte
1219 1755 1446 1826 descendente
1471 1757 1636 1836 duodeni.
1665 1783 1720 1828 ren

358 1871 491 1956 dexter,
511 1873 612 1942 colon
632 1882 866 1942 transversum
883 1882 918 1940 et
931 1872 1068 1941 initium
1081 1871 1149 1940 coli
1163 1871 1393 1948 ascendentis.
1415 1874 1575 1943 intestina
1590 1879 1718 1954 tenuia.

358 1987 528 2058 interdum
548 1989 652 2058 etiam
671 1987 804 2056 flexura
821 1986 1021 2079 sygmoidea
1038 1995 1272 2077 persecuntur.

404 2106 441 2198 9)
460 2106 498 2174 Ιιι
517 2105 669 2174 sectione
687 2102 835 2196 denique
858 2125 920 2190 per
935 2101 1221 2192 hypochoodrium
1239 2104 1406 2187 deutrum,
1425 2105 1471 2172 od
1490 2105 1509 2173 l
1529 2107 1612 2196 poll.
1638 2109 1716 2176 Por.

354 2220 422 2310 sere
435 2243 456 2286 o
468 2223 617 2311 margine
630 2233 766 2288 eeteros
779 2241 823 2288 m.
840 2219 938 2287 llscti
948 2218 1135 2287 abdominis
1148 2217 1273 2300 dextri,
1290 2218 1326 2287 in
1340 2217 1591 2312 longitudinem
1608 2219 1718 2300 ducta,

355 2333 453 2404 lohus
471 2335 593 2406 dexter
610 2333 756 2427 hepatis,
777 2356 854 2425 pars
881 2331 978 2403 lundi
1006 2333 1141 2403 rasicae
1171 2332 1308 2412 felleas,
1341 2332 1442 2404 colon
1473 2345 1718 2416 transversum.

354 2449 483 2520 llernra
504 2450 661 2543 hepatice
678 2447 748 2518 coli
766 2447 983 2517 ascendentis
1000 2455 1035 2517 et
1061 2449 1263 2516 intestinum
1290 2471 1431 2518 caecum
1459 2462 1613 2543 persecta
1644 2475 1721 2522 con·

354 2565 562 2657 spiciuntor.

403 2681 577 2750 sectiones
591 2701 654 2772 per
665 2679 784 2768 pelvim
804 2679 1007 2769 congelatam
1027 2677 1128 2748 modo
1146 2681 1183 2748 io
1201 2679 1453 2769 longitudinm
1485 2681 1532 2750 od
1544 2685 1719 2774 perpendi·

355 2797 460 2864 rotem
479 2819 631 2890 qnoque,
652 2794 754 2865 modo
774 2807 885 2864 sotem
912 2797 1042 2885 oblique
1072 2793 1194 2864 ductae
1226 2805 1318 2866 sunt.
1347 2795 1535 2880 sectiones,
1569 2821 1658 2891 qnos
1686 2799 1718 2868 in
1820 2831 1821 2854 ι

354 2909 610 3002 longitudinem
628 2909 671 2980 ad
690 2909 975 3003 perpendiculum
994 2908 1076 2979 duxi
1097 2911 1297 3001 praesertim
1315 2909 1358 2980 ad
1387 2913 1490 2982 situm
1508 2921 1542 2982 et
1560 2913 1717 2982 directio·

353 3047 431 3094 nem
451 3023 623 3104 methrae,
643 3027 776 3096 vesicae
795 3027 981 3104 miseriae,
1012 3025 1165 3094 intestini
1191 3029 1275 3096 recti
1307 3037 1340 3096 et
1370 3029 1458 3097 uteri
1487 3051 1565 3098 com
1595 3033 1716 3123 vagina

354 3141 403 3230 (in
422 3140 513 3233 pelvi
528 3141 704 3237 muliebri)
725 3141 1029 3210 demonstrandum
1048 3139 1231 3210 destinari.

400 3257 510 3325 Situm
527 3257 679 3326 ursthroe
696 3273 726 3326 rt
743 3261 868 3326 uesicae
894 3259 1067 3325 uriuorioe
1092 3255 1303 3326 sectionibus
1336 3279 1396 3349 per
1427 3260 1548 3347 pelvim
1582 3261 1715 3330 virilem

352 3371 567 3462 congelatam
587 3375 622 3442 in
639 3371 894 3465 longitudinem
913 3367 1024 3440 ductis
1043 3371 1210 3464 indagans
1224 3371 1407 3464 praecipue
1425 3371 1485 3440 ms
1502 3378 1716 3466 quaestiones

351 3485 532 3556 solvendas
549 3487 630 3556 mihi
649 3488 824 3580 proposui:
850 3489 881 3580 l)
907 3487 996 3558 Num
1017 3509 1092 3576 pars
1110 3485 1370 3556 membranacea
1388 3497 1423 3554 et
1441 3491 1627 3580 prestation
1645 3515 1714 3560 ure·

353 3598 462 3674 three.
488 3602 516 3670 si
535 3607 646 3672 vesica
678 3602 829 3671 urinaria
861 3624 902 3670 ec
932 3605 1132 3672 intestinum
1157 3611 1288 3672 rectum
1320 3601 1421 3693 plane
1452 3625 1562 3674 vacua
1578 3617 1616 3674 et
1633 3607 1716 3675 lorts

351 3727 527 3785 contracto
546 3719 626 3798 sint.
647 3716 874 3786 directionem
893 3719 1042 3810 perfecte
1060 3727 1251 3793 arcuatam.
1272 3739 1315 3786 an
1334 3717 1511 3810 obliquam
1526 3721 1644 3810 potins
1661 3720 1715 3789 ha·

350 3829 447 3901 beati
465 3833 503 3926 2)
522 3834 612 3902 Num
633 3831 811 3928 plenitudo
827 3835 964 3903 vesicae
984 3834 1160 3902 urinariae
1178 3833 1219 3925 (si
1244 3832 1380 3927 liquore
1404 3842 1545 3904 extensa
1570 3837 1631 3930 sit)
1661 3848 1716 3904 aot
1818 3809 1819 3826 ἵ

353 3949 505 4018 intestini
524 3949 608 4019 recti
627 3948 669 4018 ad
688 3950 914 4019 directionem
933 3946 1047 4018 isthmi
1068 3946 1227 4018 urethrae
1245 3946 1443 4018 mutandam
1475 3948 1610 4043 aliquid
1638 3975 1713 4020 con·

351 4064 450 4138 ierat.
472 4087 535 4134 nec
554 4063 615 4135 nel
633 4066 669 4160 3)
690 4067 781 4135 Νιιιιι
802 4066 836 4136 in
855 4061 989 4134 diverso
1004 4066 1159 4156 corporis
1178 4065 1259 4144 situ,
1281 4087 1311 4134 e.
1330 4085 1365 4157 g.
1382 4061 1520 4134 homine
1533 4075 1647 4137 stante
1660 4076 1715 4136 aut

350 4179 502 4261 sedente,
523 4203 599 4272 pars
618 4179 878 4250 membranacea
895 4194 930 4250 ct
948 4182 1134 4273 prostatica
1160 4177 1321 4248 nrethrae
1349 4200 1486 4270 semper
1513 4203 1620 4250 nnarn
1638 4205 1711 4252 ean·

351 4293 494 4389 demque
512 4294 734 4367 directionem
753 4294 934 4390 sequatur?
951 4293 990 4380 bl
1009 4295 1160 4388 Denique
1176 4293 1290 4388 qualis
1306 4302 1358 4363 set
1374 4293 1517 4364 directio
1536 4305 1571 4364 et
1600 4319 1709 4389 aspec-
1817 4301 1818 4320 ¹

351 4419 405 4478 tus
425 4409 556 4502 plegae,
578 4433 666 4505 qnae
684 4421 855 4504 prostatae
873 4410 1096 4505 partibusque
1114 4413 1179 4504 ipsi
1198 4411 1324 4480 vicinis
1339 4413 1375 4479 in
1393 4408 1555 4480 methodo
1574 4411 1709 4482 lithoto-

351 4525 440 4593 miae
457 4524 590 4595 laterali
610 4527 721 4597 cultro
739 4526 876 4596 occulto
895 4525 1083 4620 infligitur?

398 4639 589 4718 Contendo,
609 4642 705 4712 nullo
723 4643 793 4712 alio
811 4648 1008 4712 anatomicn
1029 4640 1252 4734 praeparandi
1281 4639 1382 4710 modo
1412 4645 1629 4734 quaestiones
1654 4643 1709 4712 has
1816 4641 1817 4666 l

352 4763 420 4823 tom
439 4753 615 4824 evidenter
632 4756 718 4828 solvi
740 4783 850 4852 posse,
886 4781 990 4852 quern
1022 4757 1174 4852 pelvium
1207 4779 1243 4825 ιιι
1273 4755 1497 4826 cadaveribus
1526 4757 1708 4850 congelatis

350 4869 586 4964 inquisitione.
616 4871 903 4946 Adomhretiones
933 4875 1126 4944 sectionum
1153 4871 1274 4966 pelvis,
1304 4869 1439 4940 diverso
1465 4875 1618 4968 corporis
1646 4875 1707 4942 sitn

350 4983 565 5078 roregelatae,
603 4987 638 5056 in
667 4985 920 5080 longitudinem
957 4989 1152 5065 doctarum.
1189 5010 1307 5058 veram
1341 4986 1563 5058 directionem
1597 4986 1705 5057 isthmi

349 5099 508 5170 uretbrae
525 5101 743 5172 exactissime
760 5114 1033 5201 repraesentant.
1815 5085 1816 5088 Ἴ

398 5217 505 5286 Nebis
523 5217 692 5288 sectiones
710 5217 818 5312 pelvis
835 5222 946 5292 virilis
964 5223 1000 5291 in
1018 5219 1272 5313 longitudinem
1292 5220 1411 5291 ductas
1430 5215 1705 5312 perlustrantibus

350 5329 432 5400 haec
451 5335 490 5400 de
505 5358 582 5402 veru
600 5335 781 5404 directions
798 5337 909 5406 isthmi
925 5340 1077 5408 urstlsrns
1093 5338 1319 5430 apparebunt:
