3682 6004
686 513 932 590 ..ffi-

114 785 313 848 transverse
343 787 495 872 persseta
532 777 591 860 ait,
626 775 797 850 diversam
814 797 904 848 escas
939 775 1012 848 iere
1029 775 1214 850 romndam
1232 773 1333 870 (Tot.
1353 778 1415 858 bb,
1434 777 1496 870 lh)

113 913 220 985 prope
259 891 394 986 apicem
424 901 458 962 et
489 889 654 962 isthmum
688 889 864 974 urethras;
888 889 1146 964 cordilormem
1180 893 1217 964 in
1256 891 1369 966 media
1402 904 1497 986 parte

113 1004 215 1098 (Tela.
231 1008 312 1102 NJ:
331 1007 403 1076 lere
422 1003 700 1101 quadrangulam
716 1029 825 1101 prope
843 1005 957 1078 basin.
1009 1023 1012 1032 '

158 1119 285 1192 Plures
308 1119 591 1192 adumbratioues
617 1132 794 1215 praetem
819 1130 1010 1216 prostatem
1029 1120 1166 1194 diverso
1191 1119 1311 1202 modo,
1340 1119 1433 1215 quod
1460 1121 1496 1194 in

110 1231 260 1326 diversis
284 1235 510 1308 lithotomiae
538 1234 711 1306 methodis
729 1236 870 1316 accidit,
890 1245 1101 1308 transactem
1131 1245 1167 1306 et
1184 1234 1308 1306 deinde
1339 1237 1376 1308 in
1395 1235 1495 1309 cada·

110 1371 190 1420 vere
210 1350 397 1446 congelato
416 1362 585 1422 tresverse
604 1361 795 1446 perseniam
810 1350 995 1446 effingunt.
1144 1403 1148 1412 .

157 1463 214 1535 Ad
234 1466 355 1537 icones
373 1463 447 1552 hes,
465 1487 555 1560 quae
574 1465 812 1561 operationem
840 1463 1061 1538 lithotomiae
1075 1463 1299 1561 perlustrent.
1326 1464 1413 1538 bene
1443 1467 1497 1538 in·

108 1577 319 1673 telligendas
333 1579 418 1650 haec
435 1580 620 1652 observare
637 1603 777 1652 necesse
796 1592 861 1654 ests
899 1583 966 1652 ¹¹²⁰
984 1581 1164 1652 Sectioues
1179 1579 1272 1652 bunc
1289 1579 1333 1650 ad
1351 1603 1494 1674 scopum

106 1717 169 1787 per
184 1693 317 1783 pelvim
332 1695 504 1768 minorem
522 1695 643 1767 ductas
674 1697 783 1788 (conl.
820 1694 907 1767 Tab.
927 1695 1090 1790 ee-et)
1110 1693 1318 1790 plerumque
1332 1695 1495 1768 directio·

107 1829 187 1878 nem
204 1831 277 1880 non
291 1809 358 1880 rite
374 1819 620 1890 transversam,
637 1811 702 1882 sed·
714 1813 831 1907 potius
848 1810 994 1906 obliquo
1014 1821 1246 1900 transversam
1265 1815 1374 1906 sequi,
1395 1813 1443 1882 ita
1457 1821 1496 1882 ut

107 1925 201 1998 linea
225 1949 347 1998 secans
365 1951 384 1996 a
404 1929 581 2024 symphyti
600 1927 702 2023 pubis
719 1928 823 2000 modo
841 1928 1022 2011 deorsum,
1042 1926 1146 1999 modo
1164 1925 1267 2020 paulo
1287 1948 1422 1998 sursum
1443 1925 1493 1999 di·

107 2053 205 2112 rectu
224 2044 283 2120 sit.
315 2042 417 2136 quod·
427 2065 472 2116 ex
492 2055 589 2138 parte
612 2041 787 2114 ediverso
809 2042 921 2137 gradu
940 2041 1179 2114 inclinationis
1197 2040 1308 2135 pelvis
1326 2043 1361 2114 in
1380 2041 1494 2114 diver·

107 2158 154 2228 sis
172 2157 482 2238 cadaveribus,·ex
496 2167 593 2250 parte
611 2156 781 2228 ediverso
796 2157 879 2238 situ,
894 2157 931 2227 in
945 2180 1015 2252 quo
1034 2155 1152 2250 pelves
1169 2155 1248 2250 gelu
1267 2163 1408 2232 coactae
1424 2167 1492 2230 ata·

106 2268 232 2344 bilitas
258 2283 369 2351 erant,
397 2270 627 2365 dependebat,
657 2271 784 2378 partim
802 2293 886 2342 vero
904 2294 947 2343 eo
964 2271 1143 2366 proposito
1160 2293 1182 2342 e
1197 2293 1253 2344 me
1275 2273 1406 2346 lactum
1426 2282 1490 2357 est,

106 2399 145 2458 ut
163 2401 280 2483 partes
306 2387 468 2460 uretbrae
486 2399 520 2460 et
538 2397 726 2483 prostatus,
749 2391 856 2460 inter
882 2389 1121 2482 operationem
1138 2386 1264 2472 laesae,
1286 2385 1414 2458 clarius
1431 2411 1494 2462 an·

105 2513 299 2596 ponentur.
329 2506 391 2576 2⁶⁰.
407 2501 547 2598 plagam
567 2511 741 2597 prostatus
776 2501 957 2582 inllictam.
980 2502 1132 2580 etiamsi.
1150 2510 1190 2572 ut
1209 2523 1284 2574 mes
1300 2512 1366 2583 eat,
1385 2501 1428 2576 iu
1445 2507 1493 2575 si·

106 2619 220 2689 nistro
248 2619 357 2688 latere
391 2617 545 2711 perinaei
572 2617 750 2688 cederetis
776 2616 930 2700 ductam,
962 2618 1036 2687 lere
1054 2617 1255 2710 semper.in
1274 2617 1489 2692 sectionibus

105 2733 221 2824 pelvis
238 2721 441 2806 transversis
454 2733 630 2804 sinistram
648 2731 788 2804 lectoris
805 2741 973 2826 spectare,
992 2731 1080 2825 (vid.
1095 2731 1183 2802 Teb.
1199 2733 1375 2818 22—24),
1396 2732 1490 2828 quod

104 2849 213 2918 lacile
232 2849 442 2944 explicatur,
474 2849 504 2920 si
533 2849 570 2918 in
590 2849 795 2920 memoriam
812 2869 956 2918 revoces
974 2848 1010 2916 in
1028 2845 1155 2918 tabulis
1172 2846 1228 2920 bis
1245 2847 1369 2920 faeiem
1387 2869 1488 2942 snpe-

103 2965 238 3036 riorem
257 2964 429 3058 segmenti
447 2961 561 3038 infimi
578 2963 691 3057 pelvis
709 2971 884 3058 persectae
910 2961 966 3032 vel
992 2961 1118 3034 sociem
1142 2961 1298 3034 ia'hmam
1325 2964 1489 3036 sectionis

96 3077 348 3150 adumbratam
369 3101 456 3150 esse.

146 3192 298 3288 Effigies
331 3193 393 3263 has
422 3190 713 3286 perlustrantibus
742 3190 857 3273 uobis,
891 3191 1092 3278 discrimen,
1111 3193 1206 3286 qnod
1225 3193 1315 3264 inter
1332 3193 1487 3266 diversas

95 3307 326 3379 lithotomiae
345 3305 528 3376 methodos
541 3317 606 3384 est,
624 3317 659 3375 et
672 3305 851 3378 commode
866 3305 1157 3402 ipcnmmedaquc
1175 3306 1322 3380 diversis
1339 3331 1486 3404 operan-
1601 3324 1610 3342 “

96 3421 134 3494 di
155 3422 275 3494 modis
291 3420 446 3518 propria,
479 3422 681 3517 praesertim
711 3443 754 3492 ex
772 3422 1034 3516 comparatione
1051 3445 1131 3494 eum
1149 3423 1309 3496 iconibus
1327 3425 1485 3498 fasciculi

98 3539 167 3609 dli.
193 3537 286 3610 clare
320 3535 540 3640 etdistincte
558 3535 758 3610 elucebunt.
793 3537 860 3608 'Sic
872 3536 1167 3632 contemplatione
1180 3539 1320 3612 iconum
1337 3541 1486 3612 tte-so

101 3653 278 3724 diversam
295 3651 539 3729 directionem.
558 3650 813 3724 dimensionem
833 3651 1079 3748 diversumque
1091 3663 1269 3748 aspectum
1287 3655 1482 3749 plagerum.

102 3793 196 3865 quae
214 3779 387 3865 prostatae
407 3778 443 3840 et
456 3768 548 3840 collo
567 3769 702 3838 vesicae
719 3766 763 3838 ad
780 3766 956 3838 calculum
986 3767 1239 3839 extrahendum
1258 3767 1480 3862 infliguntur.

103 3885 285 3980 multaque
302 3885 385 3966 elie,
416 3903 507 3979 quae
536 3884 573 3953 iu
601 3881 834 3977 dijudicandis
847 3882 1024 3978 perieulis.
1044 3883 1172 3978 quibus
1189 3882 1389 3956 lithotomia
1406 3909 1481 3958 ver·

102 4009 214 4081 satur,
241 4009 346 4094 etque
364 3995 535 4078 consiliis,
563 4019 653 4093 quae
671 4000 707 4069 in
727 4000 930 4093 operatione
947 3997 1012 4068 hac
1030 3997 1245 4070 instituenda
1263 4001 1362 4096 sequi
1380 4023 1482 4096 opor·

103 4123 165 4200 tet,
187 4116 252 4186 rite
269 4115 526 4209 cognoscimus.
1049 4135 1053 4144 ·

150 4231 344 4324 Praecipue
372 4251 456 4300 vero
487 4228 552 4298 hae
582 4229 781 4322 questiones
811 4227 1032 4322 chirurgioae
1062 4229 1238 4324 captiosae
1270 4230 1481 4304 sectionibus

102 4345 231 4416 neseis
248 4341 476 4439 probabiliter
492 4343 626 4414 solutae
644 4353 738 4414 enat:

152 4462 190 4531 1¹.
209 4459 248 4530 ln
266 4457 431 4530 methodo
449 4459 678 4552 eyetotomiae
696 4455 845 4538 laterali,
861 4457 948 4528 adeo
967 4457 1045 4551 lege
1058 4456 1145 4528 artis
1156 4458 1328 4542 instituta,
1345 4462 1478 4558 plagam

102 4581 276 4666 prostatsa
295 4573 463 4644 iullietem
481 4595 551 4643 non
569 4595 719 4667 semper.
751 4583 791 4643 ut
806 4584 967 4645 auctores
994 4571 1140 4650 docent.
1176 4571 1359 4648 directioni
1389 4579 1479 4650 radii

100 4685 255 4760 lateralis
273 4689 450 4760 interioris
467 4687 571 4781 bujus
588 4687 775 4782 glandulae
791 4688 1016 4784 respondere.
1205 4666 1210 4685 ¹

147 4807 188 4876 2.
208 4804 364 4900 Plegsm.
385 4825 455 4898 qua
473 4803 593 4873 cervix
610 4803 748 4874 'vesicae
767 4803 900 4898 patefit,
919 4804 1101 4899 praecipue
1119 4803 1156 4874 iu
1170 4807 1377 4898 cyatotornie
1393 4807 1480 4880 late-

102 4919 302 5001 reli‚rerius
320 4919 355 4989 iu
373 4917 562 4996 bileterali.
582 4917 768 4990 circuitum
783 4929 959 5014 prostatus
976 4918 1159 5002 excedere,
1179 4929 1283 5017 atque
1300 4921 1475 5017 capsulam

102 5033 444 5127 vesicoprostaticam
463 5042 500 5103 et
513 5032 657 5104 fasciam
674 5033 958 5106 rectovssicalem
975 5032 1082 5106 laedi.

148 5149 186 5218 3.
207 5151 246 5218 lu
265 5145 457 5220 encheiresi
483 5149 507 5219 e*
522 5171 577 5218 me
596 5147 955 5244 commendatn.quee
973 5149 1009 5220 iu
1028 5147 1189 5244 plurimis
1208 5160 1244 5222 st
1258 5151 1376 5246 parvis
1390 5151 1477 5226 inci·

102 5260 260 5334 sionibus
277 5271 449 5358 prostatus
465 5263 565 5335 varia
582 5261 775 5336 directione
798 5263 910 5336 ductis
935 5275 970 5336 et
985 5264 1154 5360 peculiari
1179 5265 1323 5340 cultello
1341 5267 1479 5344 institu-
