3704 6008
936 481 1176 550 -t6..

367 753 508 828 multus.
529 781 638 830 annos
654 773 657 780 '
672 762 708 830 in
738 757 1031 853 praelectionibus
1064 758 1150 830 mus
1182 755 1390 829 academicis
1424 759 1684 830 commendatus
1703 752 1734 832 al

368 876 579 974 praeparatis
595 877 802 946 anatomicis
816 874 1054 968 confirmatus)
1070 873 1283 946 sectionibus
1296 873 1423 943 nostris
1437 873 1644 946 cadaverum
1658 874 1732 969 gelu

365 1000 579 1070 coactorum,
600 993 784 1085 praecipue
801 1015 883 1064 vcro
903 991 959 1074 iis,
987 1013 1077 1086 quae
1096 989 1225 1085 pelvim
1243 991 1280 1060 in
1298 998 1516 1084 segmentum
1535 989 1686 1060 anticum
1701 1000 1734 1061 ct

365 1104 536 1196 posticum
555 1107 731 1183 scindunt,
747 1106 955 1178 illustratur.
1497 1127 1499 1136 “

411 1220 451 1288 ln
461 1221 637 1292 nonnullis
651 1222 861 1292 sectionibus
871 1221 1076 1293 transversis
1085 1219 1237 1291 laminae
1250 1218 1600 1294 librocellulosae.·ut
1610 1207 1731 1289 lamina

364 1333 488 1404 faeiem
507 1347 686 1408 externam
715 1361 761 1406 m.
784 1336 948 1407 lavaturis
974 1337 1032 1407 ani
1051 1337 1252 1416 investiens,
1271 1333 1423 1405 laminae
1437 1335 1565 1404 tasciae
1582 1342 1731 1404 recture·

361 1449 477 1520 sicalis
502 1433 537 1520 et
562 1453 702 1545 capsula
730 1461 901 1545 prostatus
919 1451 1041 1546 ipsius,
1063 1460 1203 1546 propter
1220 1459 1351 1523 arctam
1371 1449 1520 1550 partium
1539 1447 1728 1542 congelata·

361 1585 438 1634 rum
457 1567 770 1661 contignationem,
791 1590 899 1661 paene
919 1557 1120 1661 perspicuae
1138 1577 1231 1652 sunt,
1253 1567 1289 1636 io
1308 1565 1386 1636 aliis
1403 1573 1520 1635 autam
1541 1561 1731 1634 distinctius

358 1681 553 1772 apartibus
571 1685 705 1768 vicinis,
728 1705 813 1776 quas
830 1680 1025 1770 includunt,
1045 1677 1220 1775 sejunctae
1237 1689 1553 1774 repraesentantur.

338 1819 341 1828 ·
408 1797 559 1904 Musculi
576 1808 674 1868 extra
693 1799 852 1891 intraque
870 1796 1000 1891 pelvim
1019 1796 1190 1890 dispositi,
1209 1795 1331 1866 itidem
1349 1804 1389 1865 ut
1411 1792 1565 1864 musculi
1579 1791 1661 1864 colli
1677 1801 1725 1862 at·

358 1935 428 2006 que
447 1915 719 1996 extremitatum,
739 1915 874 2008 vaginis
891 1913 1043 2007 propriis
1065 1911 1191 1983 inclusi
1222 1922 1316 1990 sunt,
1342 1934 1431 2006 quae
1457 1910 1494 1980 iu
1520 1907 1725 1980 sectionibus

357 2029 562 2098 transversis
588 2052 767 2100 saccorum
792 2029 866 2098 sive
893 2015 1060 2098 cellbrum
1086 2027 1191 2120 septis
1219 2027 1349 2097 librosis
1378 2025 1542 2120 (quorum
1559 2021 1723 2094 nonnulla

361 2151 471 2236 usque
489 2142 531 2212 ad
549 2167 587 2213 os
605 2125 854 2238 extenduntur)
863 2151 1125 2236 segregatarum
1143 2149 1318 2236 aspectum
1336 2139 1603 2218 babent;elucet
1616 2138 1728 2231 itaque
1837 2148 1838 2190 ³

358 2259 529 2328 sectiones
547 2257 610 2330 bae
628 2258 819 2330 directione
839 2257 958 2328 ductas
985 2256 1028 2327 ad
1047 2255 1354 2327 demonstrandum
1372 2257 1478 2327 situm
1507 2264 1543 2326 et
1575 2264 1729 2325 mutuum
1837 2313 1838 2316 ,

359 2392 486 2442 nerum
505 2373 742 2444 musculorum
758 2373 1017 2465 ,fasciarumque
1037 2395 1117 2445 cum
1134 2374 1226 2442 vasis
1244 2382 1279 2442 et
1296 2372 1428 2442 truncis
1445 2369 1584 2442 uervcis
1599 2367 1731 2462 aptissi-

289 2531 291 2536 ·
358 2509 537 2559 masesse.
576 2487 694 2571 Quum
718 2511 801 2558 vero
827 2485 1040 2557 sectionibus
1060 2485 1633 2581 percorpora'congolatacluctis,
1654 2503 1732 2550 om·

359 2621 421 2670 nes
438 2609 551 2694 partes
565 2603 601 2672 in
616 2625 707 2673 nexu
722 2603 852 2672 intacto
866 2611 1161 2695 representantur,
1177 2605 1282 2672 etium
1297 2602 1524 2697 perscrutatio
1544 2598 1730 2688 atdescrip·

362 2717 411 2785 tio
430 2725 546 2788 nostra
567 2717 752 2789 fasciarum
769 2740 810 2787 ao
827 2715 1066 2788 musculorum
1085 2741 1104 2788 a
1123 2727 1291 2788 consueto
1323 2716 1528 2787 anatomico.
1540 2719 1728 2807 perseruta-

359 2831 466 2901 tionis
483 2815 585 2902 mocio
605 2834 640 2902 in
659 2857 701 2903 eo
719 2832 902 2925 discrepat,
923 2831 1017 2926 quod
1035 2853 1104 2902 non
1121 2843 1248 2926 puncta
1269 2830 1469 2902 insertionis
1482 2829 1642 2924 cujusvis
1658 2829 1729 2894 teu·

360 2944 452 3016 (linis
467 2946 523 3018 vel
543 2949 699 3019 fasciculi
728 2945 946 3027 muscularis,
964 2945 1023 3017 secl
1042 2949 1158 3041 potius
1177 2947 1461 3042 conjunctionem
1488 2943 1728 3034 diversamque
1758 2945 1761 2955 “

359 3059 622 3154 dispositionem
658 3072 691 3134 et
723 3064 946 3134 insertionem
970 3085 1150 3133 saccorum
1182 3065 1255 3134 siva
1280 3063 1487 3156 vaginarum
1510 3057 1725 3130 fibrosarum·

276 3241 279 3248 .
357 3177 482 3272 quibus
502 3181 648 3252 musculi
668 3178 792 3252 inclusi
811 3188 904 3260 sunt,
921 3187 1001 3249 aute
1018 3177 1139 3249 oculos
1156 3179 1331 3272 ponimus.
1747 3183 1749 3188 '
