3704 6008
864 473 1009 543 ...ss
1056 511 1105 528 ..

343 775 472 846 musculi
495 773 615 864 obliqui
641 774 805 842 abdominis
830 774 953 856 interni,
975 773 1035 859 id„
1054 775 1092 842 ad
1116 775 1354 846 constituendum
1371 776 1515 862 parietem
1538 770 1668 840 antemo-

344 913 408 962 rem
425 894 548 982 vaginae
565 911 607 959 ur.
626 891 713 964 Recti
730 890 871 960 conflata.
885 930 936 946 -
953 892 994 963 G.
1011 891 1254 962 M.'Latissimus
1270 894 1364 962 dorsi.
1380 929 1429 944 -
1447 891 1476 959 t.
1492 887 1539 960 tt.
1555 886 1669 958 Trans·

343 1031 448 1078 versus
465 1009 629 1076 abdominis
647 1017 676 1076 et
693 1011 886 1097 aponeurosis
904 1010 997 1097 ipsius
1011 1009 1149 1076 similiter
1163 1009 1338 1096 apoueurosi
1351 1028 1393 1074 m.
1409 1004 1530 1094 Oitiqoi
1543 1005 1667 1088 interni,

344 1127 380 1194 ad
398 1123 584 1193 formandum
611 1125 755 1212 parietem
780 1125 974 1211 posteriorem
1001 1125 1126 1214 vaginae
1150 1145 1193 1192 m.
1218 1122 1318 1207 uncti,
1350 1144 1436 1191 neue.
1457 1159 1506 1176 -·
1529 1121 1571 1190 K.
1592 1121 1665 1190 Dia·

342 1241 509 1330 phragmn‚
546 1258 604 1305 nou
638 1239 740 1326 procul
774 1239 812 1305 ab
842 1238 921 1304 hiatu
956 1241 1069 1306 aortico
1100 1277 1152 1292 -
1184 1237 1255 1308 ti”.
1292 1237 1360 1309 ΒΨ.
1396 1246 1578 1326 persectum.
1613 1271 1663 1287 -

342 1355 379 1424 L.
395 1353 442 1423 M.
459 1352 599 1422 Seruatus
611 1355 742 1439 poeticus
757 1351 996 1420 inferior—M.
1010 1353 1056 1424 N.
1073 1352 1149 1422 Mm.
1161 1352 1395 1422 Sacroiumbaiis
1412 1362 1441 1422 et
1453 1351 1664 1441 longissimus

343 1472 436 1539 dorsi.
455 1507 505 1522 -
522 1491 555 1537 c.
578 1489 611 1538 e.
633 1489 666 1536 a.
687 1467 812 1536 Lamina
830 1469 983 1556 parietaiis
1001 1470 1177 1556 perdomui,
1204 1489 1281 1558 quae
1299 1470 1392 1536 inscia
1410 1465 1663 1535 csiluiesoiiitrosa

341 1586 507 1673 duplicatur
528 1593 558 1654 et
579 1583 656 1651 hanc
679 1584 715 1650 ob
739 1603 859 1652 causam
882 1592 1006 1672 quatuor
1031 1585 1121 1652 lineis
1144 1586 1296 1675 designata
1319 1593 1378 1653 est.
1397 1619 1446 1636 -
1463 1578 1521 1649 u''.
1541 1579 1666 1650 luderis

339 1701 468 1768 laminae
481 1699 568 1786 hujus
583 1701 612 1766 iu
625 1699 766 1766 laminam
779 1709 934 1767 externam
953 1699 1096 1767 mosomii
1114 1701 1316 1769 ascendentis.
1335 1735 1383 1750 -
1400 1719 1455 1764 aa.
1477 1693 1662 1764 Eusudatum

339 1835 462 1904 parvum
486 1835 622 1882 serosum
650 1815 680 1882 in
706 1827 788 1903 parte
814 1823 932 1902 postera
958 1832 1066 1882 caveae
1090 1815 1252 1902 peritonaei
1278 1812 1424 1882 inclusum
1448 1819 1478 1879 et
1494 1811 1663 1900 marginem

339 1930 510 1999 inferiorem
528 1930 588 1997 lobi
606 1929 698 1997 dextri
719 1930 834 2018 hepatis
852 1930 994 1997 condens.
1010 1928 1103 1997 -1-b.
1124 1927 1237 1998 Cavum
1251 1939 1281 1998 et
1298 1929 1404 1997 iuudus
1422 1925 1577 1994 ventricuii
1592 1927 1663 1992 aire

336 2047 450 2114 extensi
462 2055 492 2113 et
510 2046 586 2112 iuter
604 2055 760 2132 utramque
777 2051 980 2130 curvaturam,
1001 2045 1055 2112 sed
1071 2047 1192 2134 propius
1209 2054 1384 2113 curvaturae
1402 2042 1521 2130 majori,
1539 2057 1661 2128 persec-

335 2163 370 2228 ti.
390 2197 438 2212 -
452 2181 480 2226 c.
501 2157 622 2228 Cardia.
643 2197 691 2210 ·-
709 2159 743 2226 d.
772 2157 897 2228 Valvuia
915 2161 1060 2248 pviorica;
1090 2164 1217 2249 spatium
1236 2163 1313 2230 iuter
1331 2181 1359 2227 c.
1380 2167 1409 2228 et
1426 2157 1461 2226 d.
1481 2163 1659 2225 curvaturae

334 2275 442 2344 minori
459 2275 614 2351 ventriculi
632 2275 802 2362 respondet.
823 2311 873 2327 -
890 2295 917 2343 c.
937 2273 1045 2343 Exitus
1063 2277 1158 2363 pyloni
1176 2277 1206 2344 in
1222 2277 1395 2344 intestinum
1413 2273 1590 2341 duodenum.
1610 2306 1659 2321 -

335 2391 362 2482 s.
383 2389 461 2460 Pars
478 2391 581 2456 deutra
600 2409 709 2456 caveae
727 2391 836 2455 omenti
855 2391 1059 2478 gastrocoiici,
1077 2391 1132 2457 hoc
1146 2391 1176 2457 in
1189 2390 1253 2458 ioco
1264 2399 1384 2478 propter
1400 2398 1534 2456 mutuam
1547 2385 1658 2454 adhae-

335 2507 450 2572 sionem
468 2501 656 2572 iaureiiarum
673 2503 765 2590 ipsius
781 2503 915 2590 impervii
930 2514 959 2572 et
972 2504 1038 2571 coto
1052 2505 1223 2572 ascendenti
1235 2525 1272 2573 ac
1285 2516 1456 2574 transverso
1473 2501 1520 2593 (d.
1536 2497 1587 2592 is.)
1602 2519 1654 2568 ac·

335 2622 507 2708 creti-p.
523 2617 734 2686 Rudimentum
748 2618 903 2707 digameuti
917 2618 1236 2708 gastroiienalis.-d.
1247 2618 1279 2690 ts.
1289 2619 1321 2688 i.
1343 2617 1454 2688 Cavum
1465 2619 1576 2686 omenti
1589 2637 1657 2684 ma·

328 2736 416 2822 joris,
426 2733 521 2800 tribus
534 2733 621 2800 lineis
635 2732 927 2821 designatum,oujus
943 2733 1042 2819 paries
1056 2736 1201 2820 posterior
1215 2755 1282 2802 cum
1297 2734 1406 2802 lamina
1418 2733 1574 2820 superiore
1588 2751 1651 2800 uta·

275 2909 281 2917 .
336 2849 428 2917 socoti
441 2847 607 2916 transversi
631 2847 763 2934 perieote
777 2846 922 2915 conflatus
935 2855 994 2929 est,
1012 2849 1051 2915 ita
1065 2857 1097 2915 ut
1109 2857 1279 2917 transverse
1291 2859 1445 2936 perseetus
1464 2867 1553 2916 uuam
1579 2865 1651 2914 nau·

332 2961 1651 3055 demquemembrauam(duabusiinsisdcsignatam)conmituat.lnioco,ubicavuushoc

333 3067 484 3171 pauc'reaii
513 3075 572 3164 (r.)
599 3078 748 3147 accumbit
776 3081 878 3166 (supra
904 3078 1012 3145 inciam
1038 3079 1192 3165 sectionis)
1219 3079 1356 3144 introitus
1373 3079 1403 3146 in
1420 3097 1524 3146 cavum
1542 3077 1652 3144 nunti

331 3198 455 3266 minoris
474 3190 604 3286 (septum
621 3193 780 3260 bursarum
798 3192 990 3260 omentaiium
1008 3201 1038 3260 et
1055 3192 1189 3260 toramen
1206 3192 1317 3260 omenti
1335 3186 1467 3282 majoris)
1489 3190 1649 3272 invenitur,

330 3311 387 3378 sub
409 3312 521 3398 pariete
543 3315 660 3394 postero
681 3307 837 3374 ventriculi
862 3308 951 3375 nimis
973 3309 1089 3376 estensi
1116 3309 1261 3376 occuitus.
1281 3345 1332 3358 -
1347 3307 1371 3374 i.
1392 3305 1511 3390 Altera,
1529 3307 1651 3374 sinistra

332 3445 400 3512 pars
418 3424 528 3491 onueuti
546 3421 668 3508 majoris
686 3442 712 3488 s.
734 3422 922 3508 pastvoeoiici
951 3419 1123 3511 (praecipue
1150 3423 1246 3509 paries
1271 3423 1365 3510 ipsius
1389 3415 1546 3509 posterior)
1574 3420 1649 3510 liga·

329 3547 428 3607 uuento
443 3536 644 3628 gastroiieuai
657 3538 803 3622 prosima,
821 3535 906 3622 adipe
923 3538 1089 3619 abundans,
1099 3539 1175 3604 inter
1191 3537 1298 3604 lienem
1313 3557 1348 3604 ac
1362 3535 1482 3602 iundum
1497 3536 1651 3604 ventriculi

333 3654 434 3741 piures
447 3651 620 3719 inflexiones
634 3651 765 3718 iormaus
782 3658 811 3717 et
823 3651 893 3718 ttoni
907 3651 1135 3726 adhaesiouibus
1148 3673 1234 3719 nera.
1245 3651 1330 3719 -ic
1350 3651 1381 3720 t.
1395 3649 1502 3721 Parias
1516 3651 1653 3740 superior

332 3769 388 3836 soii
410 3767 556 3837 ailerura
579 3768 681 3834 dextra
699 3767 762 3834 sive
781 3785 797 3833 a
815 3769 941 3833 transitu
967 3767 1022 3833 coli
1040 3769 1201 3835 transversi
1218 3769 1247 3834 iu
1270 3767 1354 3835 coiou
1380 3769 1542 3838 ascendens
1567 3787 1652 3836 serra

333 3884 481 3951 abscisus.
502 3881 591 3950 -1.
613 3879 690 3950 Pars
712 3882 895 3949 descendens
919 3881 1056 3965 duodeni,
1083 3883 1113 3949 in
1132 3882 1195 3949 ioco
1213 3884 1355 3951 transitus
1374 3884 1467 3970 ipsius
1490 3885 1519 3951 iu
1537 3892 1651 3971 partem

330 4007 533 4067 transversam
547 3997 720 4064 inferiorem
735 4005 871 4084 persecta
887 4005 917 4064 et
932 3997 1102 4084 peritonaeo
1117 4017 1172 4064 non
1189 3999 1460 4066 vestita-mm.
1470 4019 1514 4066 m.
1530 4019 1573 4066 m.
1589 3995 1648 4064 ia·

330 4114 408 4180 mina
428 4114 550 4180 inferior
567 4114 708 4179 mesocoti
726 4113 889 4179 transversi
908 4113 1090 4180 involucrum
1111 4133 1246 4181 serosum
1265 4112 1397 4182 flexurae
1415 4112 1649 4200 duodeno-Jeju-

331 4228 408 4294 naiis
434 4248 487 4295 seu
513 4228 619 4295 tertiae
646 4223 791 4316 (intestini
818 4226 958 4320 duodeni)
983 4237 1012 4296 et
1032 4229 1106 4295 initii
1125 4229 1255 4295 intestini
1277 4229 1372 4315 jejuni
1398 4229 1593 4312 constituens,
1618 4230 1648 4295 in

330 4341 444 4408 duobus
460 4339 541 4428 locis
554 4347 689 4429 persenia
707 4340 763 4425 ita,
778 4348 810 4408 ut
822 4341 895 4408 duas
910 4351 1062 4428 separatas
1078 4351 1107 4408 et
1119 4343 1203 4429 quasi
1223 4343 1388 4428 peculiares
1404 4342 1495 4410 cedias
1512 4343 1646 4433 effingat,

331 4451 362 4524 in
375 4457 481 4545 quibus
494 4477 568 4526 mm.
584 4479 660 4525 mm.
677 4459 818 4525 transitus
833 4457 964 4525 intestini
978 4457 1104 4525 duodeni
1117 4457 1146 4525 iu
1157 4459 1292 4544 jejunum
1304 4457 1466 4545 (panoreati
1479 4459 1643 4544 proximus)
1661 4469 1670 4502 i

331 4581 361 4639 et
377 4573 493 4640 initium
511 4572 643 4642 intestini
661 4573 755 4661 iejuui
779 4573 871 4660 ipsius
897 4572 1095 4640 continentur.
1115 4609 1163 4624 -
1180 4595 1214 4640 a.
1236 4571 1340 4640 Paries
1363 4573 1498 4658 superior
1514 4571 1648 4641 derasae

332 4689 471 4756 sinistrae
487 4687 543 4756 coli
564 4691 626 4757 sive
643 4669 785 4756 transitus
802 4687 860 4753 cudi
877 4689 1041 4755 transversi
1060 4689 1089 4753 in
1106 4687 1192 4755 coion
1208 4689 1403 4771 descendens,
1428 4689 1505 4756 inter
1521 4687 1648 4758 laminas

331 4805 441 4872 omenti
454 4805 575 4893 majoris
588 4802 731 4871 inclusus.
751 4837 799 4851 -·
817 4823 847 4868 o.
870 4824 902 4869 o.
925 4797 1003 4892 (Una
1022 4801 1105 4870 litera
1123 4802 1209 4889 pauiu
1227 4822 1314 4890 supra
1334 4802 1443 4871 lienem
1461 4804 1554 4890 posita
1571 4799 1643 4894 est).

333 4915 443 5010 Margo
460 4920 583 4988 interior
600 4937 668 4987 cum
687 4916 832 5003 particula
850 4915 1019 5006 superficiei
1037 4937 1182 4986 convenae
1201 4918 1288 4986 lienis
1306 4918 1423 5005 oblique
1449 4919 1590 5004 permoti,
1618 4927 1648 4985 et

329 5042 446 5102 omento
463 5055 569 5124 magno
586 5031 709 5100 accreti.
729 5067 777 5081 -
793 5051 827 5118 p.
849 5053 881 5122 q.
901 5030 968 5100 Ren
984 5033 1086 5101 dexter
1105 5042 1135 5099 et
1151 5029 1274 5101 sini'ster
1297 5053 1386 5121 supra
1404 5033 1497 5100 hilum
1522 5050 1641 5120 persec-

330 5147 446 5218 ti.-r.
465 5146 579 5236 Corpus
604 5146 772 5236 pauescatis
790 5145 900 5213 lamina
926 5149 1079 5236 superiore
1104 5148 1245 5216 mesocoii
1263 5149 1425 5217 transversi
1447 5146 1524 5235 (d),
1544 5148 1639 5234 paric-

330 5259 353 5326 ti
368 5271 484 5348 postero
497 5265 606 5332 omenti
620 5264 741 5350 majoris
755 5263 877 5345 secreti,
894 5269 1094 5332 tactum-s.
1111 5260 1197 5332 Vena
1210 5271 1453 5352 portarum-t.
1468 5259 1556 5330 Vena
1569 5279 1641 5330 cava
