<?xml version="1.0" encoding="UTF-8"?>
<!DOCTYPE html PUBLIC "-//W3C//DTD XHTML 1.0 Transitional//EN"
    "http://www.w3.org/TR/xhtml1/DTD/xhtml1-transitional.dtd">
<html xmlns="http://www.w3.org/1999/xhtml" xml:lang="en" lang="en">
 <head>
  <title>
</title>
<meta http-equiv="Content-Type" content="text/html;charset=utf-8" />
  <meta name='ocr-system' content='tesseract 3.04.00' />
  <meta name='ocr-capabilities' content='ocr_page ocr_carea ocr_par ocr_line ocrx_word'/>
</head>
<body>
  <div class='ocr_page' id='page_1' title='image "anatometopograp00pirogoog_0100.png"; bbox 0 0 3682 6004; ppageno 0'>
   <div class='ocr_carea' id='block_1_1' title="bbox 115 1545 1489 1874">
    <p class='ocr_par' dir='ltr' id='par_1_1' title="bbox 115 1545 1489 1874">
     <span class='ocr_line' id='line_1_1' title="bbox 115 1545 1489 1670; baseline 0.004 -7"><span class='ocrx_word' id='word_1_1' title='bbox 115 1551 325 1668; x_wconf 85' lang='lat' dir='ltr'>tttlttllt</span> <span class='ocrx_word' id='word_1_2' title='bbox 363 1548 653 1667; x_wconf 87' lang='lat' dir='ltr'>lllllllllll</span> <span class='ocrx_word' id='word_1_3' title='bbox 686 1545 802 1662; x_wconf 86' lang='lat' dir='ltr'>lllll</span> <span class='ocrx_word' id='word_1_4' title='bbox 832 1545 984 1663; x_wconf 86' lang='lat' dir='ltr'>lttlll</span> <span class='ocrx_word' id='word_1_5' title='bbox 1024 1549 1238 1668; x_wconf 86' lang='lat' dir='ltr'>lllllllll</span> <span class='ocrx_word' id='word_1_6' title='bbox 1273 1553 1489 1670; x_wconf 88' lang='lat' dir='ltr'>llllllll</span> 
     </span>
     <span class='ocr_line' id='line_1_2' title="bbox 335 1749 1261 1874; baseline 0.002 -2"><span class='ocrx_word' id='word_1_7' title='bbox 335 1751 579 1874; x_wconf 87' lang='lat' dir='ltr'>llllllllll</span> <span class='ocrx_word' id='word_1_8' title='bbox 614 1751 789 1868; x_wconf 87' lang='lat' dir='ltr'>lllllll</span> <span class='ocrx_word' id='word_1_9' title='bbox 809 1749 1064 1869; x_wconf 84' lang='lat' dir='ltr'>lllllllllll</span> <span class='ocrx_word' id='word_1_10' title='bbox 1092 1755 1261 1874; x_wconf 87' lang='lat' dir='ltr'>llllll.</span> 
     </span>
    </p>
   </div>
   <div class='ocr_carea' id='block_1_2' title="bbox 110 2357 1498 3288">
    <p class='ocr_par' dir='ltr' id='par_1_2' title="bbox 115 2357 1495 2597">
     <span class='ocr_line' id='line_1_3' title="bbox 158 2357 1495 2478; baseline 0 -19"><span class='ocrx_word' id='word_1_11' title='bbox 158 2381 378 2458; x_wconf 70' lang='lat' dir='ltr'>sectionibus</span> <span class='ocrx_word' id='word_1_12' title='bbox 392 2383 704 2478; x_wconf 81' lang='lat' dir='ltr'>transversispeuis</span> <span class='ocrx_word' id='word_1_13' title='bbox 716 2393 750 2453; x_wconf 94' lang='lat' dir='ltr'>et</span> <span class='ocrx_word' id='word_1_14' title='bbox 762 2381 924 2454; x_wconf 84' lang='lat' dir='ltr'>uretbrae</span> <span class='ocrx_word' id='word_1_15' title='bbox 937 2357 1204 2476; x_wconf 87' lang='lat' dir='ltr'>comparationis</span> <span class='ocrx_word' id='word_1_16' title='bbox 1221 2385 1327 2478; x_wconf 87' lang='lat' dir='ltr'>gratia</span> <span class='ocrx_word' id='word_1_17' title='bbox 1346 2389 1495 2460; x_wconf 92' lang='lat' dir='ltr'>nonnul-</span> 
     </span>
     <span class='ocr_line' id='line_1_4' title="bbox 115 2495 925 2597; baseline 0 -27"><span class='ocrx_word' id='word_1_18' title='bbox 115 2499 164 2572; x_wconf 87' lang='lat' dir='ltr'>las</span> <span class='ocrx_word' id='word_1_19' title='bbox 181 2523 322 2597; x_wconf 88' lang='lat' dir='ltr'>quoque</span> <span class='ocrx_word' id='word_1_20' title='bbox 340 2499 376 2570; x_wconf 93' lang='lat' dir='ltr'>in</span> <span class='ocrx_word' id='word_1_21' title='bbox 394 2495 647 2592; x_wconf 76' lang='lat' dir='ltr'><strong>longitudinem</strong></span> <span class='ocrx_word' id='word_1_22' title='bbox 664 2497 785 2570; x_wconf 85' lang='lat' dir='ltr'>ductas</span> <span class='ocrx_word' id='word_1_23' title='bbox 802 2499 925 2596; x_wconf 85' lang='lat' dir='ltr'>odjeci.</span> 
     </span>
    </p>

    <p class='ocr_par' dir='ltr' id='par_1_3' title="bbox 110 2611 1498 3288">
     <span class='ocr_line' id='line_1_5' title="bbox 163 2611 1497 2712; baseline 0.001 -22"><span class='ocrx_word' id='word_1_24' title='bbox 163 2617 291 2690; x_wconf 86' lang='lat' dir='ltr'>Omnes</span> <span class='ocrx_word' id='word_1_25' title='bbox 309 2614 373 2687; x_wconf 83' lang='lat' dir='ltr'>bae</span> <span class='ocrx_word' id='word_1_26' title='bbox 390 2615 560 2686; x_wconf 76' lang='lat' dir='ltr'>sectiones</span> <span class='ocrx_word' id='word_1_27' title='bbox 578 2637 639 2708; x_wconf 90' lang='lat' dir='ltr'>per</span> <span class='ocrx_word' id='word_1_28' title='bbox 655 2613 845 2698; x_wconf 87' lang='lat' dir='ltr'>uretbram,</span> <span class='ocrx_word' id='word_1_29' title='bbox 879 2611 1013 2706; x_wconf 91' lang='lat' dir='ltr'>glutine</span> <span class='ocrx_word' id='word_1_30' title='bbox 1049 2621 1111 2681; x_wconf 91' lang='lat' dir='ltr'>aut</span> <span class='ocrx_word' id='word_1_31' title='bbox 1139 2616 1219 2684; x_wconf 77' lang='lat' dir='ltr'>cert</span> <span class='ocrx_word' id='word_1_32' title='bbox 1247 2611 1437 2712; x_wconf 73' lang='lat' dir='ltr'>liquefacti</span> <span class='ocrx_word' id='word_1_33' title='bbox 1462 2621 1497 2692; x_wconf 95' lang='lat' dir='ltr'>in</span> 
     </span>
     <span class='ocr_line' id='line_1_6' title="bbox 114 2727 1494 2829; baseline 0.003 -29"><span class='ocrx_word' id='word_1_34' title='bbox 114 2753 256 2804; x_wconf 81' lang='lat' dir='ltr'>careum</span> <span class='ocrx_word' id='word_1_35' title='bbox 272 2733 408 2804; x_wconf 77' lang='lat' dir='ltr'>vesicae</span> <span class='ocrx_word' id='word_1_36' title='bbox 425 2729 601 2802; x_wconf 87' lang='lat' dir='ltr'>urinariae</span> <span class='ocrx_word' id='word_1_37' title='bbox 613 2730 752 2824; x_wconf 71' lang='lat' dir='ltr'>injecti,</span> <span class='ocrx_word' id='word_1_38' title='bbox 769 2738 947 2800; x_wconf 81' lang='lat' dir='ltr'>extensam</span> <span class='ocrx_word' id='word_1_39' title='bbox 964 2727 1141 2798; x_wconf 87' lang='lat' dir='ltr'>institutae</span> <span class='ocrx_word' id='word_1_40' title='bbox 1155 2738 1235 2798; x_wconf 86' lang='lat' dir='ltr'>aunt</span> <span class='ocrx_word' id='word_1_41' title='bbox 1246 2741 1494 2829; x_wconf 74' lang='lat' dir='ltr'>aspectumque</span> 
     </span>
     <span class='ocr_line' id='line_1_7' title="bbox 113 2841 1494 2939; baseline 0.002 -23"><span class='ocrx_word' id='word_1_42' title='bbox 113 2855 149 2916; x_wconf 83' lang='lat' dir='ltr'>st</span> <span class='ocrx_word' id='word_1_43' title='bbox 165 2845 335 2918; x_wconf 72' lang='lat' dir='ltr'>ambitum</span> <span class='ocrx_word' id='word_1_44' title='bbox 352 2843 485 2918; x_wconf 79' lang='lat' dir='ltr'>eruatis</span> <span class='ocrx_word' id='word_1_45' title='bbox 502 2843 649 2939; x_wconf 86' lang='lat' dir='ltr'>hujusce</span> <span class='ocrx_word' id='word_1_46' title='bbox 666 2845 785 2938; x_wconf 85' lang='lat' dir='ltr'>(simul</span> <span class='ocrx_word' id='word_1_47' title='bbox 804 2867 883 2916; x_wconf 89' lang='lat' dir='ltr'>cum</span> <span class='ocrx_word' id='word_1_48' title='bbox 912 2841 1117 2936; x_wconf 79' lang='lat' dir='ltr'>corporibus</span> <span class='ocrx_word' id='word_1_49' title='bbox 1149 2847 1359 2925; x_wconf 78' lang='lat' dir='ltr'>cavernosis,</span> <span class='ocrx_word' id='word_1_50' title='bbox 1386 2845 1494 2920; x_wconf 90' lang='lat' dir='ltr'>bulbo</span> 
     </span>
     <span class='ocr_line' id='line_1_8' title="bbox 114 2958 1498 3058; baseline 0 -24"><span class='ocrx_word' id='word_1_51' title='bbox 114 2973 151 3034; x_wconf 89' lang='lat' dir='ltr'>et</span> <span class='ocrx_word' id='word_1_52' title='bbox 167 2967 337 3058; x_wconf 84' lang='lat' dir='ltr'>prostuta)</span> <span class='ocrx_word' id='word_1_53' title='bbox 355 2963 446 3036; x_wconf 87' lang='lat' dir='ltr'>inter</span> <span class='ocrx_word' id='word_1_54' title='bbox 479 2961 652 3034; x_wconf 80' lang='lat' dir='ltr'>orificium</span> <span class='ocrx_word' id='word_1_55' title='bbox 680 2961 842 3034; x_wconf 80' lang='lat' dir='ltr'>uretbras</span> <span class='ocrx_word' id='word_1_56' title='bbox 875 2969 1057 3032; x_wconf 82' lang='lat' dir='ltr'>externum</span> <span class='ocrx_word' id='word_1_57' title='bbox 1074 2967 1110 3026; x_wconf 91' lang='lat' dir='ltr'>et</span> <span class='ocrx_word' id='word_1_58' title='bbox 1126 2958 1298 3029; x_wconf 89' lang='lat' dir='ltr'>internum</span> <span class='ocrx_word' id='word_1_59' title='bbox 1315 2963 1388 3032; x_wconf 85' lang='lat' dir='ltr'>sive</span> <span class='ocrx_word' id='word_1_60' title='bbox 1406 2965 1498 3034; x_wconf 83' lang='lat' dir='ltr'>resi-</span> 
     </span>
     <span class='ocr_line' id='line_1_9' title="bbox 113 3071 1496 3174; baseline 0.001 -27"><span class='ocrx_word' id='word_1_61' title='bbox 113 3076 191 3148; x_wconf 85' lang='lat' dir='ltr'>cnle</span> <span class='ocrx_word' id='word_1_62' title='bbox 221 3080 384 3174; x_wconf 81' lang='lat' dir='ltr'>peruecti.</span> <span class='ocrx_word' id='word_1_63' title='bbox 417 3077 612 3161; x_wconf 80' lang='lat' dir='ltr'>ostendunt,</span> <span class='ocrx_word' id='word_1_64' title='bbox 648 3077 833 3170; x_wconf 87' lang='lat' dir='ltr'>praecipue</span> <span class='ocrx_word' id='word_1_65' title='bbox 862 3095 1026 3146; x_wconf 82' lang='lat' dir='ltr'>veronus</span> <span class='ocrx_word' id='word_1_66' title='bbox 1045 3072 1088 3142; x_wconf 84' lang='lat' dir='ltr'>‹le</span> <span class='ocrx_word' id='word_1_67' title='bbox 1112 3071 1246 3144; x_wconf 84' lang='lat' dir='ltr'>diverso</span> <span class='ocrx_word' id='word_1_68' title='bbox 1280 3073 1496 3148; x_wconf 82' lang='lat' dir='ltr'>diversarum</span> 
     </span>
     <span class='ocr_line' id='line_1_10' title="bbox 110 3188 1489 3288; baseline -0.001 -25"><span class='ocrx_word' id='word_1_69' title='bbox 110 3189 278 3264; x_wconf 80' lang='lat' dir='ltr'>uretbrao</span> <span class='ocrx_word' id='word_1_70' title='bbox 291 3193 443 3288; x_wconf 81' lang='lat' dir='ltr'>partium</span> <span class='ocrx_word' id='word_1_71' title='bbox 456 3193 671 3264; x_wconf 82' lang='lat' dir='ltr'>dimensione</span> <span class='ocrx_word' id='word_1_72' title='bbox 684 3193 850 3262; x_wconf 84' lang='lat' dir='ltr'>certiores</span> <span class='ocrx_word' id='word_1_73' title='bbox 863 3193 1006 3262; x_wconf 85' lang='lat' dir='ltr'>iaciunt.</span> <span class='ocrx_word' id='word_1_74' title='bbox 1024 3190 1082 3260; x_wconf 90' lang='lat' dir='ltr'>Sic</span> <span class='ocrx_word' id='word_1_75' title='bbox 1095 3188 1194 3259; x_wconf 87' lang='lat' dir='ltr'>nobie</span> <span class='ocrx_word' id='word_1_76' title='bbox 1207 3188 1336 3283; x_wconf 83' lang='lat' dir='ltr'>figuras</span> <span class='ocrx_word' id='word_1_77' title='bbox 1349 3192 1436 3265; x_wconf 89' lang='lat' dir='ltr'>Teb.</span> <span class='ocrx_word' id='word_1_78' title='bbox 1448 3193 1489 3264; x_wconf 86' lang='grc'>31</span> 
     </span>
    </p>
   </div>
   <div class='ocr_carea' id='block_1_3' title="bbox 111 3302 1600 3402">
    <p class='ocr_par' dir='ltr' id='par_1_4' title="bbox 111 3302 1600 3402">
     <span class='ocr_line' id='line_1_11' title="bbox 111 3302 1600 3402; baseline 0.003 -26"><span class='ocrx_word' id='word_1_79' title='bbox 111 3307 428 3402; x_wconf 73' lang='lat' dir='ltr'>contemplantibus</span> <span class='ocrx_word' id='word_1_80' title='bbox 457 3329 528 3378; x_wconf 82' lang='lat' dir='ltr'>nou</span> <span class='ocrx_word' id='word_1_81' title='bbox 540 3305 840 3380; x_wconf 70' lang='lat' dir='ltr'>membranaceum</span> <span class='ocrx_word' id='word_1_82' title='bbox 858 3316 991 3400; x_wconf 85' lang='lat' dir='ltr'>partem</span> <span class='ocrx_word' id='word_1_83' title='bbox 1007 3327 1035 3376; x_wconf 90' lang='lat' dir='ltr'>s.</span> <span class='ocrx_word' id='word_1_84' title='bbox 1056 3302 1221 3376; x_wconf 77' lang='lat' dir='ltr'>isthmum</span> <span class='ocrx_word' id='word_1_85' title='bbox 1251 3305 1413 3378; x_wconf 88' lang='lat' dir='ltr'>uretbrae</span> <span class='ocrx_word' id='word_1_86' title='bbox 1438 3310 1497 3381; x_wconf 86' lang='lat' dir='ltr'>sed</span> <span class='ocrx_word' id='word_1_87' title='bbox 1596 3385 1600 3393; x_wconf 71' lang='grc'><strong>,</strong></span> 
     </span>
    </p>
   </div>
   <div class='ocr_carea' id='block_1_4' title="bbox 111 3419 1593 5245">
    <p class='ocr_par' dir='ltr' id='par_1_5' title="bbox 111 3419 1593 3725">
     <span class='ocr_line' id='line_1_12' title="bbox 111 3419 1593 3519; baseline 0.003 -27"><span class='ocrx_word' id='word_1_88' title='bbox 111 3443 191 3492; x_wconf 91' lang='lat' dir='ltr'>eam</span> <span class='ocrx_word' id='word_1_89' title='bbox 209 3423 326 3518; x_wconf 89' lang='lat' dir='ltr'>potius</span> <span class='ocrx_word' id='word_1_90' title='bbox 342 3421 450 3519; x_wconf 87' lang='lat' dir='ltr'>partia</span> <span class='ocrx_word' id='word_1_91' title='bbox 466 3421 675 3517; x_wconf 86' lang='lat' dir='ltr'>prostaticae</span> <span class='ocrx_word' id='word_1_92' title='bbox 692 3421 899 3517; x_wconf 76' lang='lat' dir='ltr'>portionem,</span> <span class='ocrx_word' id='word_1_93' title='bbox 920 3440 1010 3516; x_wconf 77' lang='lat' dir='ltr'>quse</span> <span class='ocrx_word' id='word_1_94' title='bbox 1027 3419 1163 3492; x_wconf 87' lang='lat' dir='ltr'>orilicio</span> <span class='ocrx_word' id='word_1_95' title='bbox 1189 3421 1329 3491; x_wconf 80' lang='lat' dir='ltr'>vesiculi</span> <span class='ocrx_word' id='word_1_96' title='bbox 1353 3447 1497 3518; x_wconf 87' lang='lat' dir='ltr'>respon·</span> <span class='ocrx_word' id='word_1_97' title='bbox 1592 3451 1593 3456; x_wconf 44' lang='lat'>¹</span> 
     </span>
     <span class='ocr_line' id='line_1_13' title="bbox 112 3535 1494 3632; baseline 0.004 -24"><span class='ocrx_word' id='word_1_98' title='bbox 112 3535 185 3618; x_wconf 79' lang='lat' dir='ltr'>oet.</span> <span class='ocrx_word' id='word_1_99' title='bbox 205 3537 486 3632; x_wconf 80' lang='lat' dir='ltr'>augmtissinnonn</span> <span class='ocrx_word' id='word_1_100' title='bbox 514 3559 590 3608; x_wconf 85' lang='lat' dir='ltr'>euos</span> <span class='ocrx_word' id='word_1_101' title='bbox 606 3546 725 3608; x_wconf 86' lang='lat' dir='ltr'>eontra</span> <span class='ocrx_word' id='word_1_102' title='bbox 743 3537 872 3609; x_wconf 88' lang='lat' dir='ltr'>multos</span> <span class='ocrx_word' id='word_1_103' title='bbox 900 3536 1060 3631; x_wconf 74' lang='lat' dir='ltr'>egrogios</span> <span class='ocrx_word' id='word_1_104' title='bbox 1088 3537 1258 3608; x_wconf 79' lang='lat' dir='ltr'>Auctores</span> <span class='ocrx_word' id='word_1_105' title='bbox 1288 3541 1494 3613; x_wconf 86' lang='lat' dir='ltr'>contendere</span> 
     </span>
     <span class='ocr_line' id='line_1_14' title="bbox 114 3649 216 3725; baseline 0.029 -3"><span class='ocrx_word' id='word_1_106' title='bbox 114 3649 216 3725; x_wconf 85' lang='lat' dir='ltr'>licet.</span> 
     </span>
    </p>

    <p class='ocr_par' dir='ltr' id='par_1_6' title="bbox 113 3765 1497 5245">
     <span class='ocr_line' id='line_1_15' title="bbox 164 3765 1495 3864; baseline 0.002 -26"><span class='ocrx_word' id='word_1_107' title='bbox 164 3765 361 3840; x_wconf 83' lang='lat' dir='ltr'>Permultas</span> <span class='ocrx_word' id='word_1_108' title='bbox 377 3766 548 3838; x_wconf 83' lang='lat' dir='ltr'>sectiones</span> <span class='ocrx_word' id='word_1_109' title='bbox 566 3767 602 3838; x_wconf 93' lang='lat' dir='ltr'>in</span> <span class='ocrx_word' id='word_1_110' title='bbox 618 3765 844 3838; x_wconf 77' lang='lat' dir='ltr'>cadaveribus</span> <span class='ocrx_word' id='word_1_111' title='bbox 862 3767 1051 3862; x_wconf 74' lang='lat' dir='ltr'>congelatis</span> <span class='ocrx_word' id='word_1_112' title='bbox 1075 3768 1253 3838; x_wconf 85' lang='lat' dir='ltr'>institutes</span> <span class='ocrx_word' id='word_1_113' title='bbox 1284 3766 1411 3839; x_wconf 85' lang='lat' dir='ltr'>docent</span> <span class='ocrx_word' id='word_1_114' title='bbox 1429 3771 1495 3864; x_wconf 85' lang='lat' dir='ltr'>igi·</span> 
     </span>
     <span class='ocr_line' id='line_1_16' title="bbox 116 3880 1496 3979; baseline 0.003 -28"><span class='ocrx_word' id='word_1_115' title='bbox 116 3891 175 3953; x_wconf 83' lang='lat' dir='ltr'>tur</span> <span class='ocrx_word' id='word_1_116' title='bbox 192 3903 268 3954; x_wconf 82' lang='lat' dir='ltr'>nos:</span> <span class='ocrx_word' id='word_1_117' title='bbox 292 3882 326 3977; x_wconf 85' lang='grc' dir='ltr'>Ι)</span> <span class='ocrx_word' id='word_1_118' title='bbox 344 3880 527 3954; x_wconf 86' lang='lat' dir='ltr'>llrstbram</span> <span class='ocrx_word' id='word_1_119' title='bbox 544 3883 774 3954; x_wconf 84' lang='lat' dir='ltr'>masculinam</span> <span class='ocrx_word' id='word_1_120' title='bbox 791 3883 839 3952; x_wconf 93' lang='lat' dir='ltr'>ita</span> <span class='ocrx_word' id='word_1_121' title='bbox 858 3885 1111 3955; x_wconf 77' lang='lat' dir='ltr'>conformatam</span> <span class='ocrx_word' id='word_1_122' title='bbox 1129 3905 1217 3970; x_wconf 82' lang='lat' dir='ltr'>esse,</span> <span class='ocrx_word' id='word_1_123' title='bbox 1235 3891 1272 3952; x_wconf 89' lang='lat' dir='ltr'>ut</span> <span class='ocrx_word' id='word_1_124' title='bbox 1290 3907 1368 3976; x_wconf 89' lang='lat' dir='ltr'>pars</span> <span class='ocrx_word' id='word_1_125' title='bbox 1386 3885 1496 3979; x_wconf 85' lang='lat' dir='ltr'>ipsius</span> 
     </span>
     <span class='ocr_line' id='line_1_17' title="bbox 114 3995 1495 4092; baseline -0.001 -24"><span class='ocrx_word' id='word_1_126' title='bbox 114 3995 262 4068; x_wconf 90' lang='lat' dir='ltr'>bulbosa</span> <span class='ocrx_word' id='word_1_127' title='bbox 279 3995 506 4090; x_wconf 84' lang='lat' dir='ltr'>amplissima,</span> <span class='ocrx_word' id='word_1_128' title='bbox 526 3995 657 4068; x_wconf 83' lang='lat' dir='ltr'>sacculi</span> <span class='ocrx_word' id='word_1_129' title='bbox 674 4007 868 4092; x_wconf 84' lang='lat' dir='ltr'>aspectum.</span> <span class='ocrx_word' id='word_1_130' title='bbox 888 4021 967 4091; x_wconf 90' lang='lat' dir='ltr'>pars</span> <span class='ocrx_word' id='word_1_131' title='bbox 986 3995 1247 4068; x_wconf 86' lang='lat' dir='ltr'>membranacea</span> <span class='ocrx_word' id='word_1_132' title='bbox 1266 4017 1349 4065; x_wconf 87' lang='lat' dir='ltr'>vero</span> <span class='ocrx_word' id='word_1_133' title='bbox 1370 3998 1495 4088; x_wconf 86' lang='lat' dir='ltr'>partim</span> 
     </span>
     <span class='ocr_line' id='line_1_18' title="bbox 115 4107 1497 4209; baseline -0.004 -24"><span class='ocrx_word' id='word_1_134' title='bbox 115 4122 215 4185; x_wconf 85' lang='lat' dir='ltr'>textu</span> <span class='ocrx_word' id='word_1_135' title='bbox 233 4111 579 4186; x_wconf 71' lang='lat' dir='ltr'>librom-musculum</span> <span class='ocrx_word' id='word_1_136' title='bbox 603 4115 805 4209; x_wconf 83' lang='lat' dir='ltr'>(ligamento</span> <span class='ocrx_word' id='word_1_137' title='bbox 825 4114 986 4188; x_wconf 85' lang='lat' dir='ltr'>uretbrae</span> <span class='ocrx_word' id='word_1_138' title='bbox 1005 4111 1208 4206; x_wconf 87' lang='lat' dir='ltr'>triangulari</span> <span class='ocrx_word' id='word_1_139' title='bbox 1223 4133 1251 4182; x_wconf 90' lang='lat' dir='ltr'>s.</span> <span class='ocrx_word' id='word_1_140' title='bbox 1267 4107 1398 4180; x_wconf 74' lang='lat' dir='ltr'>lumini</span> <span class='ocrx_word' id='word_1_141' title='bbox 1417 4135 1497 4206; x_wconf 89' lang='lat' dir='ltr'>pro·</span> 
     </span>
     <span class='ocr_line' id='line_1_19' title="bbox 115 4224 1494 4322; baseline -0.001 -22"><span class='ocrx_word' id='word_1_142' title='bbox 115 4229 223 4302; x_wconf 79' lang='lat' dir='ltr'>lunda</span> <span class='ocrx_word' id='word_1_143' title='bbox 252 4229 379 4300; x_wconf 76' lang='lat' dir='ltr'>tunae</span> <span class='ocrx_word' id='word_1_144' title='bbox 409 4227 563 4322; x_wconf 87' lang='lat' dir='ltr'>perinaei</span> <span class='ocrx_word' id='word_1_145' title='bbox 592 4227 727 4300; x_wconf 83' lang='lat' dir='ltr'>mediae</span> <span class='ocrx_word' id='word_1_146' title='bbox 759 4237 794 4299; x_wconf 91' lang='lat' dir='ltr'>et</span> <span class='ocrx_word' id='word_1_147' title='bbox 810 4228 978 4301; x_wconf 86' lang='lat' dir='ltr'>musculis</span> <span class='ocrx_word' id='word_1_148' title='bbox 1007 4224 1303 4322; x_wconf 88' lang='lat' dir='ltr'>compressoribus</span> <span class='ocrx_word' id='word_1_149' title='bbox 1332 4225 1494 4298; x_wconf 86' lang='lat' dir='ltr'>uretbrae</span> 
     </span>
     <span class='ocr_line' id='line_1_20' title="bbox 114 4341 1493 4438; baseline -0.004 -20"><span class='ocrx_word' id='word_1_150' title='bbox 114 4343 284 4419; x_wconf 88' lang='lat' dir='ltr'>Wilaonii</span> <span class='ocrx_word' id='word_1_151' title='bbox 301 4341 514 4430; x_wconf 85' lang='lat' dir='ltr'>stGutbrii).</span> <span class='ocrx_word' id='word_1_152' title='bbox 529 4346 654 4438; x_wconf 89' lang='lat' dir='ltr'>partim</span> <span class='ocrx_word' id='word_1_153' title='bbox 669 4342 827 4438; x_wconf 84' lang='lat' dir='ltr'>margine</span> <span class='ocrx_word' id='word_1_154' title='bbox 852 4343 1025 4414; x_wconf 88' lang='lat' dir='ltr'>enterlore</span> <span class='ocrx_word' id='word_1_155' title='bbox 1044 4351 1216 4437; x_wconf 87' lang='lat' dir='ltr'>prostatae</span> <span class='ocrx_word' id='word_1_156' title='bbox 1234 4341 1493 4425; x_wconf 75' lang='lat' dir='ltr'>circumcincta.</span> 
     </span>
     <span class='ocr_line' id='line_1_21' title="bbox 115 4455 1492 4555; baseline -0.001 -25"><span class='ocrx_word' id='word_1_157' title='bbox 115 4459 299 4555; x_wconf 83' lang='lat' dir='ltr'>angustior</span> <span class='ocrx_word' id='word_1_158' title='bbox 314 4457 362 4528; x_wconf 84' lang='lat' dir='ltr'>sit</span> <span class='ocrx_word' id='word_1_159' title='bbox 378 4467 413 4528; x_wconf 91' lang='lat' dir='ltr'>et</span> <span class='ocrx_word' id='word_1_160' title='bbox 429 4457 578 4528; x_wconf 80' lang='lat' dir='ltr'>formam</span> <span class='ocrx_word' id='word_1_161' title='bbox 595 4456 727 4528; x_wconf 81' lang='lat' dir='ltr'>canalia</span> <span class='ocrx_word' id='word_1_162' title='bbox 745 4458 818 4530; x_wconf 86' lang='lat' dir='ltr'>lere</span> <span class='ocrx_word' id='word_1_163' title='bbox 835 4457 1016 4532; x_wconf 79' lang='lat' dir='ltr'>circularis</span> <span class='ocrx_word' id='word_1_164' title='bbox 1047 4456 1209 4552; x_wconf 88' lang='lat' dir='ltr'>praebeat</span> <span class='ocrx_word' id='word_1_165' title='bbox 1239 4455 1345 4550; x_wconf 77' lang='lat' dir='ltr'>(conl.</span> <span class='ocrx_word' id='word_1_166' title='bbox 1367 4455 1414 4551; x_wconf 91' lang='lat' dir='ltr'>lig</span> <span class='ocrx_word' id='word_1_167' title='bbox 1435 4457 1492 4539; x_wconf 77' lang='lat'>¹2,</span> 
     </span>
     <span class='ocr_line' id='line_1_22' title="bbox 113 4571 1493 4672; baseline -0.001 -28"><span class='ocrx_word' id='word_1_168' title='bbox 113 4575 317 4672; x_wconf 78' lang='lat'><strong>¹1,8).-2)</strong></span> <span class='ocrx_word' id='word_1_169' title='bbox 337 4575 470 4647; x_wconf 78' lang='lat' dir='ltr'>Partem</span> <span class='ocrx_word' id='word_1_170' title='bbox 490 4573 712 4666; x_wconf 86' lang='lat' dir='ltr'>prostaticam</span> <span class='ocrx_word' id='word_1_171' title='bbox 743 4583 935 4648; x_wconf 83' lang='lat' dir='ltr'>transverse</span> <span class='ocrx_word' id='word_1_172' title='bbox 951 4583 1143 4670; x_wconf 85' lang='lat' dir='ltr'>persectam</span> <span class='ocrx_word' id='word_1_173' title='bbox 1162 4573 1316 4668; x_wconf 87' lang='lat' dir='ltr'>(propter</span> <span class='ocrx_word' id='word_1_174' title='bbox 1350 4571 1493 4643; x_wconf 90' lang='lat' dir='ltr'>collicu-</span> 
     </span>
     <span class='ocr_line' id='line_1_23' title="bbox 114 4686 1497 4786; baseline -0.001 -25"><span class='ocrx_word' id='word_1_175' title='bbox 114 4689 192 4764; x_wconf 88' lang='lat' dir='ltr'>lum</span> <span class='ocrx_word' id='word_1_176' title='bbox 208 4687 423 4779; x_wconf 86' lang='lat' dir='ltr'>seminalem)</span> <span class='ocrx_word' id='word_1_177' title='bbox 443 4687 689 4760; x_wconf 80' lang='lat' dir='ltr'>corditormem</span> <span class='ocrx_word' id='word_1_178' title='bbox 721 4687 830 4786; x_wconf 81' lang='lat' dir='ltr'>(coni.</span> <span class='ocrx_word' id='word_1_179' title='bbox 851 4689 910 4785; x_wconf 90' lang='lat' dir='ltr'>lig.</span> <span class='ocrx_word' id='word_1_180' title='bbox 932 4691 970 4776; x_wconf 88' lang='grc'>9)</span> <span class='ocrx_word' id='word_1_181' title='bbox 989 4699 1080 4760; x_wconf 85' lang='lat' dir='ltr'>etex</span> <span class='ocrx_word' id='word_1_182' title='bbox 1097 4699 1244 4784; x_wconf 88' lang='lat' dir='ltr'>utroque</span> <span class='ocrx_word' id='word_1_183' title='bbox 1268 4687 1377 4758; x_wconf 85' lang='lat' dir='ltr'>lutere</span> <span class='ocrx_word' id='word_1_184' title='bbox 1397 4686 1497 4759; x_wconf 88' lang='lat' dir='ltr'>colli·</span> 
     </span>
     <span class='ocr_line' id='line_1_24' title="bbox 115 4801 1494 4901; baseline -0.004 -25"><span class='ocrx_word' id='word_1_185' title='bbox 115 4805 188 4877; x_wconf 92' lang='lat' dir='ltr'>culi</span> <span class='ocrx_word' id='word_1_186' title='bbox 206 4804 382 4876; x_wconf 81' lang='lat' dir='ltr'>seminalis</span> <span class='ocrx_word' id='word_1_187' title='bbox 402 4809 445 4894; x_wconf 86' lang='lat' dir='ltr'>(s.</span> <span class='ocrx_word' id='word_1_188' title='bbox 467 4803 591 4898; x_wconf 89' lang='lat' dir='ltr'>capitis</span> <span class='ocrx_word' id='word_1_189' title='bbox 608 4801 848 4899; x_wconf 84' lang='lat' dir='ltr'>gallinaginia)</span> <span class='ocrx_word' id='word_1_190' title='bbox 865 4805 945 4901; x_wconf 86' lang='lat' dir='ltr'>plns</span> <span class='ocrx_word' id='word_1_191' title='bbox 961 4805 1118 4876; x_wconf 86' lang='lat' dir='ltr'>minuare</span> <span class='ocrx_word' id='word_1_192' title='bbox 1137 4802 1332 4898; x_wconf 84' lang='lat' dir='ltr'>depressam</span> <span class='ocrx_word' id='word_1_193' title='bbox 1346 4809 1382 4873; x_wconf 90' lang='lat' dir='ltr'>et</span> <span class='ocrx_word' id='word_1_194' title='bbox 1394 4805 1494 4872; x_wconf 81' lang='lat' dir='ltr'>exia-</span> 
     </span>
     <span class='ocr_line' id='line_1_25' title="bbox 116 4915 1494 5016; baseline -0.005 -26"><span class='ocrx_word' id='word_1_195' title='bbox 116 4930 235 4993; x_wconf 78' lang='lat' dir='ltr'>vatem</span> <span class='ocrx_word' id='word_1_196' title='bbox 253 4943 339 4992; x_wconf 85' lang='lat' dir='ltr'>esse.</span> <span class='ocrx_word' id='word_1_197' title='bbox 360 4921 397 5016; x_wconf 84' lang='grc'>3)</span> <span class='ocrx_word' id='word_1_198' title='bbox 416 4918 625 4992; x_wconf 76' lang='lat' dir='ltr'>colliculum</span> <span class='ocrx_word' id='word_1_199' title='bbox 640 4919 858 5002; x_wconf 77' lang='lat' dir='ltr'>seminalem,</span> <span class='ocrx_word' id='word_1_200' title='bbox 878 4920 1014 4992; x_wconf 85' lang='lat' dir='ltr'>diverse</span> <span class='ocrx_word' id='word_1_201' title='bbox 1031 4918 1187 5014; x_wconf 82' lang='lat' dir='ltr'>longum.</span> <span class='ocrx_word' id='word_1_202' title='bbox 1209 4915 1380 4990; x_wconf 85' lang='lat' dir='ltr'>interdum</span> <span class='ocrx_word' id='word_1_203' title='bbox 1401 4925 1494 4984; x_wconf 87' lang='lat' dir='ltr'>unte·</span> 
     </span>
     <span class='ocr_line' id='line_1_26' title="bbox 116 5029 1495 5130; baseline -0.007 -23"><span class='ocrx_word' id='word_1_204' title='bbox 116 5035 246 5109; x_wconf 85' lang='lat' dir='ltr'>riorem</span> <span class='ocrx_word' id='word_1_205' title='bbox 275 5035 516 5108; x_wconf 83' lang='lat' dir='ltr'>tantummodo</span> <span class='ocrx_word' id='word_1_206' title='bbox 547 5033 655 5130; x_wconf 87' lang='lat' dir='ltr'>partia</span> <span class='ocrx_word' id='word_1_207' title='bbox 686 5037 893 5128; x_wconf 84' lang='lat' dir='ltr'>prostatioae</span> <span class='ocrx_word' id='word_1_208' title='bbox 935 5042 1067 5130; x_wconf 85' lang='lat' dir='ltr'>portem</span> <span class='ocrx_word' id='word_1_209' title='bbox 1098 5055 1281 5130; x_wconf 81' lang='lat' dir='ltr'>occupare,</span> <span class='ocrx_word' id='word_1_210' title='bbox 1323 5029 1495 5100; x_wconf 87' lang='lat' dir='ltr'>interdum</span> 
     </span>
     <span class='ocr_line' id='line_1_27' title="bbox 118 5143 1493 5245; baseline -0.002 -25"><span class='ocrx_word' id='word_1_211' title='bbox 118 5171 203 5222; x_wconf 81' lang='lat' dir='ltr'>vero</span> <span class='ocrx_word' id='word_1_212' title='bbox 232 5171 343 5245; x_wconf 88' lang='lat' dir='ltr'>usque</span> <span class='ocrx_word' id='word_1_213' title='bbox 373 5149 408 5220; x_wconf 95' lang='lat' dir='ltr'>in</span> <span class='ocrx_word' id='word_1_214' title='bbox 427 5159 559 5244; x_wconf 84' lang='lat' dir='ltr'>partem</span> <span class='ocrx_word' id='word_1_215' title='bbox 587 5149 888 5224; x_wconf 84' lang='lat' dir='ltr'>membranaceum</span> <span class='ocrx_word' id='word_1_216' title='bbox 918 5158 1099 5220; x_wconf 79' lang='lat' dir='ltr'>extensum</span> <span class='ocrx_word' id='word_1_217' title='bbox 1132 5171 1207 5219; x_wconf 84' lang='lat' dir='ltr'>osse</span> <span class='ocrx_word' id='word_1_218' title='bbox 1235 5152 1288 5237; x_wconf 89' lang='lat' dir='ltr'>(ut</span> <span class='ocrx_word' id='word_1_219' title='bbox 1309 5145 1343 5215; x_wconf 93' lang='lat' dir='ltr'>iu</span> <span class='ocrx_word' id='word_1_220' title='bbox 1361 5143 1419 5238; x_wconf 89' lang='lat' dir='ltr'>lig.</span> <span class='ocrx_word' id='word_1_221' title='bbox 1442 5145 1493 5234; x_wconf 81' lang='grc'>8).</span> 
     </span>
    </p>
   </div>
   <div class='ocr_carea' id='block_1_5' title="bbox 114 5259 1494 5424">
    <p class='ocr_par' dir='ltr' id='par_1_7' title="bbox 114 5259 1494 5424">
     <span class='ocr_line' id='line_1_28' title="bbox 114 5259 1494 5424; baseline -0.004 -90"><span class='ocrx_word' id='word_1_222' title='bbox 114 5264 153 5352; x_wconf 79' lang='lat' dir='ltr'>t)</span> <span class='ocrx_word' id='word_1_223' title='bbox 193 5261 374 5416; x_wconf 56' lang='lat' dir='ltr'>Opigpipm</span> <span class='ocrx_word' id='word_1_224' title='bbox 411 5263 561 5338; x_wconf 81' lang='lat' dir='ltr'>vesicale</span> <span class='ocrx_word' id='word_1_225' title='bbox 592 5262 771 5350; x_wconf 74' lang='lat' dir='ltr'>uretbrae,</span> <span class='ocrx_word' id='word_1_226' title='bbox 812 5263 970 5335; x_wconf 90' lang='lat' dir='ltr'>omnium</span> <span class='ocrx_word' id='word_1_227' title='bbox 1009 5263 1173 5336; x_wconf 88' lang='lat' dir='ltr'>uretbrao</span> <span class='ocrx_word' id='word_1_228' title='bbox 1203 5259 1494 5424; x_wconf 59' lang='lat' dir='ltr'>partiurplangu·</span> 
     </span>
    </p>
   </div>
   <div class='ocr_carea' id='block_1_6' title="bbox 0 0 1852 6004">
    <p class='ocr_par' dir='ltr' id='par_1_8' title="bbox 0 0 1852 6004">
     <span class='ocr_line' id='line_1_29' title="bbox 0 0 1852 6004; baseline 0 0"><span class='ocrx_word' id='word_1_229' title='bbox 0 0 1852 6004; x_wconf 95' lang='lat' dir='ltr'> </span> 
     </span>
    </p>
   </div>
  </div>
 </body>
</html>
