3682 6004
658 519 933 600 ‘add-

214 827 252 899 5.
286 821 393 910 Quoad
421 831 557 920 raginam
587 829 829 918 aponenrotioom
863 847 906 899 m.
926 823 1015 901 Reoti
1044 820 1234 914 abdominis,
1251 825 1381 903 diuersa
1413 837 1492 923 part·

162 950 249 1012 ctum
268 943 363 1032 ipsius
377 945 544 1034 dispositio,
568 953 654 1036 prout
668 943 705 1012 ad
723 941 789 1034 2¹),
808 945 879 1036 poli.
898 935 972 1015 Par.
991 945 1068 1015 inito
1084 947 1272 1032 umbilicum,
1296 947 1341 1016 vei
1357 961 1411 1038 per
1427 972 1495 1019 nm·

160 1057 304 1141 bilicum,
324 1055 506 1130 rotdomum
524 1081 614 1150 snpra
643 1060 721 1130 bunc
739 1067 909 1131 transverse
925 1069 1114 1150 persecutor,
1133 1062 1164 1130 iu
1182 1063 1365 1132 sectionibus
1395 1075 1493 1135 trans·

162 1177 266 1244 narsis
296 1176 377 1245 claro
405 1177 436 1245 in
453 1187 644 1265 conspectum
661 1178 754 1246 nouit.
787 1175 822 1246 ln
838 1177 1021 1246 sectionibus
1051 1179 1231 1246 transvorsis
1248 1193 1301 1265 per
1319 1179 1493 1249 umbilicum

162 1291 251 1359 etad
269 1287 425 1360 nonnullos
443 1290 537 1362 tineas
566 1290 639 1361 Par.
674 1289 751 1360 inira
780 1293 879 1381 ipsum
908 1292 1005 1361 dnotis
1035 1283 1364 1388 (innotuit.)
1395 1299 1495 1386 portos

161 1407 302 1474 anterior
329 1405 456 1496 uaginae
484 1406 612 1476 bbrosae
644 1427 687 1476 m.
708 1401 796 1474 diecti
829 1407 1014 1494 abdominis,
1043 1415 1076 1475 ut
1105 1415 1207 1476 notum
1239 1415 1297 1496 est,
1328 1429 1492 1500 aponenro-

162 1521 191 1588 si
210 1540 256 1589 m.
278 1519 404 1610 Obiiqni
421 1523 535 1591 externi
553 1529 583 1590 ot
598 1540 658 1589 uuo
670 1515 780 1590 lamina
810 1523 903 1609 partis
919 1522 1075 1591 tendineoo
1091 1543 1134 1593 m.
1154 1517 1278 1613 Obiiqui
1308 1521 1417 1596 interni
1449 1527 1494 1620 (iu

163 1635 243 1704 duos
270 1629 397 1704 laurinus
427 1633 554 1728 scissae)
585 1638 663 1705 inter
686 1656 721 1706 se
739 1638 898 1722 contextis,
929 1638 1029 1727 paries
1046 1647 1147 1709 autem
1175 1635 1321 1728 posterior
1339 1642 1431 1712 altera
1449 1644 1493 1712 la-

163 1751 251 1819 mina
285 1752 477 1840 aponenrosis
510 1771 553 1822 m.
580 1747 701 1839 Obliqui
733 1751 841 1820 interni
874 1760 905 1820 et
941 1755 1118 1842 aponenrosi
1151 1775 1194 1824 ιιι.
1221 1749 1399 1827 Transversi
1431 1759 1495 1829 ab·

164 1865 324 1950 domium,
353 1868 443 1935 etiam
468 1867 548 1936 iuter
573 1887 608 1935 se
646 1868 817 1952 contentis,
861 1867 1062 1937 constituitur.
1116 1865 1150 1939 iu
1192 1871 1377 1940 sectionibus
1422 1894 1494 1944 nero

164 1982 350 2050 transuersis
368 1982 405 2050 od
425 1977 457 2051 {¹
476 2040 490 2079 ‚
507 1982 578 2070 poti.
604 1979 678 2050 Par.
710 1981 787 2049 inirn
817 1981 991 2051 umbilicum
1011 1985 1121 2064 doctis,
1153 1984 1232 2054 iiuea
1262 2006 1369 2056 secans
1398 1987 1496 2059 iioene

167 2093 392 2165 somtotreutari
409 2089 585 2189 Duugiassii
605 2094 776 2186 respondet,
811 2097 871 2165 imo
903 2098 980 2166 inira
999 2099 1094 2188 ipsam
1126 2100 1257 2170 ducitur.
1289 2099 1382 2170 Linea
1411 2103 1493 2173 seili-

165 2209 311 2279 cethaee
328 2213 562 2281 semicireuinris
580 2211 753 2304 Donglassii
779 2211 820 2280 nii
850 2212 930 2282 alind
947 2223 1005 2300 est,
1037 2215 1095 2284 nisi
1114 2214 1248 2284 iuiimom
1265 2216 1423 2287 conbuinm
1441 2239 1492 2307 pa·

166 2326 258 2394 uictis
303 2327 477 2415 posterioris
524 2329 662 2418 uaginae.
702 2348 745 2398 ιιι.
773 2323 888 2414 ilenti,
932 2345 1009 2418 qnae
1049 2333 1227 2419 aponenrosi
1268 2351 1342 2402 mm.
1370 2329 1494 2423 Obiiqni

166 2439 281 2508 interni
297 2449 327 2508 et
343 2435 521 2510 Transversi
539 2443 712 2516 constituta,
740 2442 796 2510 sub
813 2443 907 2512 iorma
926 2445 1020 2533 plicae
1038 2448 1267 2533 aponenroticao
1284 2448 1490 2534 semilunnris,

168 2554 221 2624 bic
237 2556 356 2626 desiuit.
378 2554 509 2646 Utraque
527 2557 602 2626 bace
619 2557 827 2642 aponenrosis,
861 2557 938 2626 inira
955 2559 1065 2628 lineam
1092 2557 1278 2651 Dongiassii,
1313 2561 1494 2633 solidissime

168 2681 320 2757 contexta,
356 2673 532 2762 aponenrosi
550 2693 592 2740 m.
612 2667 733 2760 Obliqni
750 2672 864 2740 externi
886 2673 949 2761 jam
974 2675 1102 2743 nectitur
1127 2685 1242 2746 etcum
1260 2679 1324 2766 ipso
1350 2680 1492 2766 parietem

169 2788 353 2856 anteriorem
372 2789 469 2857 sotum
484 2789 610 2880 uaginae
647 2786 776 2854 musonii
791 2781 879 2855 diecti
896 2787 1027 2856 formare
1049 2790 1166 2878 adjurat
1185 2788 1274 2881 (Tab.
1304 2793 1361 2862 ib.
1381 2792 1435 2886 ng.
1455 2793 1491 2862 b.

170 2907 204 2968 nt
219 2899 297 2970 Tab.
320 2903 409 2992 ib).
437 2902 532 2995 igitur
549 2904 626 2972 induo
643 2904 753 2970 liucnm
769 2903 1026 2972 semicircniaoem
1044 2901 1232 2995 Dnngiassii,
1250 2926 1345 2995 usquo
1361 2908 1398 2976 ad
1411 2928 1492 2994 spru·

168 3013 279 3101 pbpsiu
292 3018 390 3106 pubis,
407 3018 501 3086 inscia
515 3026 686 3087 transuersa
697 3018 837 3086 duntaxat
849 3018 994 3106 parietem
1005 3021 1201 3109 posteriorem
1215 3023 1341 3113 uaginae
1353 3042 1395 3091 m.
1404 3019 1493 3092 Reeti

163 3126 339 3201 abdominis
359 3133 390 3200 iu
406 3130 506 3200 locum
522 3133 719 3222 aponenrosis
733 3150 809 3200 mm.
828 3127 949 3222 Obliqni
967 3134 1075 3204 interni
1091 3143 1122 3204 ct
1136 3135 1314 3207 Transversi
1332 3135 1454 3207 snidcit.
