<?xml version="1.0" encoding="UTF-8"?>
<!DOCTYPE html PUBLIC "-//W3C//DTD XHTML 1.0 Transitional//EN"
    "http://www.w3.org/TR/xhtml1/DTD/xhtml1-transitional.dtd">
<html xmlns="http://www.w3.org/1999/xhtml" xml:lang="en" lang="en">
 <head>
  <title>
</title>
<meta http-equiv="Content-Type" content="text/html;charset=utf-8" />
  <meta name='ocr-system' content='tesseract 3.04.00' />
  <meta name='ocr-capabilities' content='ocr_page ocr_carea ocr_par ocr_line ocrx_word'/>
</head>
<body>
  <div class='ocr_page' id='page_1' title='image "anatometopograp00pirogoog_0110.png"; bbox 0 0 3682 6004; ppageno 0'>
   <div class='ocr_carea' id='block_1_1' title="bbox 698 640 918 714">
    <p class='ocr_par' dir='ltr' id='par_1_1' title="bbox 698 640 918 714">
     <span class='ocr_line' id='line_1_1' title="bbox 698 640 918 714; baseline 0.005 -17"><span class='ocrx_word' id='word_1_1' title='bbox 698 640 918 714; x_wconf 83' lang='grc'><strong><em>..3-</em></strong></span> 
     </span>
    </p>
   </div>
   <div class='ocr_carea' id='block_1_2' title="bbox 121 827 1493 3002">
    <p class='ocr_par' dir='ltr' id='par_1_2' title="bbox 129 827 1493 1271">
     <span class='ocr_line' id='line_1_2' title="bbox 176 827 1493 925; baseline 0 -23"><span class='ocrx_word' id='word_1_2' title='bbox 176 836 212 924; x_wconf 71' lang='grc'><strong>2)</strong></span> <span class='ocrx_word' id='word_1_3' title='bbox 233 833 362 925; x_wconf 77' lang='lat' dir='ltr'><strong>Figura</strong></span> <span class='ocrx_word' id='word_1_4' title='bbox 380 852 504 900; x_wconf 85' lang='lat' dir='ltr'><strong>caveae</strong></span> <span class='ocrx_word' id='word_1_5' title='bbox 521 827 712 917; x_wconf 85' lang='lat' dir='ltr'><strong>peritonasi</strong></span> <span class='ocrx_word' id='word_1_6' title='bbox 739 852 802 921; x_wconf 85' lang='lat' dir='ltr'><strong>prr</strong></span> <span class='ocrx_word' id='word_1_7' title='bbox 817 831 938 900; x_wconf 84' lang='lat' dir='ltr'><strong>liaeom</strong></span> <span class='ocrx_word' id='word_1_8' title='bbox 956 831 1106 922; x_wconf 87' lang='lat' dir='ltr'><strong>corporis</strong></span> <span class='ocrx_word' id='word_1_9' title='bbox 1120 830 1307 898; x_wconf 71' lang='lat' dir='ltr'><strong>matronam</strong></span> <span class='ocrx_word' id='word_1_10' title='bbox 1327 831 1360 901; x_wconf 91' lang='lat' dir='ltr'><strong>in</strong></span> <span class='ocrx_word' id='word_1_11' title='bbox 1380 831 1493 924; x_wconf 88' lang='lat' dir='ltr'><strong>longi·</strong></span> 
     </span>
     <span class='ocr_line' id='line_1_3' title="bbox 131 944 1492 1042; baseline 0.004 -26"><span class='ocrx_word' id='word_1_12' title='bbox 131 947 281 1018; x_wconf 76' lang='lat' dir='ltr'><strong>tudinem</strong></span> <span class='ocrx_word' id='word_1_13' title='bbox 296 959 467 1042; x_wconf 89' lang='lat' dir='ltr'><strong>persectae</strong></span> <span class='ocrx_word' id='word_1_14' title='bbox 485 944 594 1018; x_wconf 89' lang='lat' dir='ltr'><strong>multo</strong></span> <span class='ocrx_word' id='word_1_15' title='bbox 618 945 819 1018; x_wconf 89' lang='lat' dir='ltr'><strong>mutabilior</strong></span> <span class='ocrx_word' id='word_1_16' title='bbox 844 957 907 1026; x_wconf 84' lang='lat' dir='ltr'><strong>ost,</strong></span> <span class='ocrx_word' id='word_1_17' title='bbox 933 954 1037 1040; x_wconf 91' lang='lat' dir='ltr'><strong>prout</strong></span> <span class='ocrx_word' id='word_1_18' title='bbox 1050 945 1183 1015; x_wconf 91' lang='lat' dir='ltr'><strong>scilicet</strong></span> <span class='ocrx_word' id='word_1_19' title='bbox 1194 947 1407 1020; x_wconf 85' lang='lat' dir='ltr'><strong>ventriculus</strong></span> <span class='ocrx_word' id='word_1_20' title='bbox 1422 952 1492 1021; x_wconf 90' lang='lat' dir='ltr'><strong>col·</strong></span> 
     </span>
     <span class='ocr_line' id='line_1_4' title="bbox 129 1061 1492 1161; baseline 0.007 -31"><span class='ocrx_word' id='word_1_21' title='bbox 129 1061 241 1156; x_wconf 90' lang='lat' dir='ltr'><strong>lapsus</strong></span> <span class='ocrx_word' id='word_1_22' title='bbox 259 1075 294 1133; x_wconf 88' lang='lat' dir='ltr'><strong>et</strong></span> <span class='ocrx_word' id='word_1_23' title='bbox 310 1087 440 1135; x_wconf 85' lang='lat' dir='ltr'><strong>vacuus</strong></span> <span class='ocrx_word' id='word_1_24' title='bbox 457 1072 518 1134; x_wconf 90' lang='lat' dir='ltr'><strong>aut</strong></span> <span class='ocrx_word' id='word_1_25' title='bbox 534 1071 614 1132; x_wconf 76' lang='lat' dir='ltr'><strong>asro</strong></span> <span class='ocrx_word' id='word_1_26' title='bbox 632 1073 667 1132; x_wconf 89' lang='lat' dir='ltr'><strong>ct</strong></span> <span class='ocrx_word' id='word_1_27' title='bbox 684 1061 819 1156; x_wconf 85' lang='lat' dir='ltr'><strong>liquore</strong></span> <span class='ocrx_word' id='word_1_28' title='bbox 836 1069 997 1134; x_wconf 84' lang='lat' dir='ltr'><strong>extensus</strong></span> <span class='ocrx_word' id='word_1_29' title='bbox 1014 1070 1077 1138; x_wconf 80' lang='lat' dir='ltr'><strong>est.</strong></span> <span class='ocrx_word' id='word_1_30' title='bbox 1098 1084 1202 1156; x_wconf 90' lang='lat' dir='ltr'><strong>quam</strong></span> <span class='ocrx_word' id='word_1_31' title='bbox 1215 1075 1373 1156; x_wconf 86' lang='lat' dir='ltr'><strong>aspectus</strong></span> <span class='ocrx_word' id='word_1_32' title='bbox 1390 1067 1492 1161; x_wconf 86' lang='lat' dir='ltr'><strong>bujus</strong></span> 
     </span>
     <span class='ocr_line' id='line_1_5' title="bbox 129 1177 1129 1271; baseline 0.004 -27"><span class='ocrx_word' id='word_1_33' title='bbox 129 1202 252 1248; x_wconf 85' lang='lat' dir='ltr'><strong>careae</strong></span> <span class='ocrx_word' id='word_1_34' title='bbox 269 1202 331 1271; x_wconf 80' lang='lat' dir='ltr'><strong>prr</strong></span> <span class='ocrx_word' id='word_1_35' title='bbox 347 1179 597 1270; x_wconf 83' lang='lat' dir='ltr'><strong>bppocborrdrio</strong></span> <span class='ocrx_word' id='word_1_36' title='bbox 615 1177 650 1249; x_wconf 91' lang='lat' dir='ltr'><strong>in</strong></span> <span class='ocrx_word' id='word_1_37' title='bbox 669 1177 923 1270; x_wconf 78' lang='lat' dir='ltr'><strong>longitudinem</strong></span> <span class='ocrx_word' id='word_1_38' title='bbox 943 1187 1129 1271; x_wconf 86' lang='lat' dir='ltr'><strong>persectae.</strong></span> 
     </span>
    </p>

    <p class='ocr_par' dir='ltr' id='par_1_3' title="bbox 123 1293 1493 2421">
     <span class='ocr_line' id='line_1_6' title="bbox 172 1293 1493 1388; baseline 0.003 -24"><span class='ocrx_word' id='word_1_39' title='bbox 172 1295 207 1386; x_wconf 78' lang='lat'><strong>3)</strong></span> <span class='ocrx_word' id='word_1_40' title='bbox 228 1295 388 1366; x_wconf 88' lang='lat' dir='ltr'><strong>Sections</strong></span> <span class='ocrx_word' id='word_1_41' title='bbox 408 1319 467 1388; x_wconf 87' lang='lat' dir='ltr'><strong>per</strong></span> <span class='ocrx_word' id='word_1_42' title='bbox 484 1293 783 1387; x_wconf 85' lang='lat' dir='ltr'><strong>bypocboudrium</strong></span> <span class='ocrx_word' id='word_1_43' title='bbox 796 1295 975 1364; x_wconf 90' lang='lat' dir='ltr'><strong>sinistrum</strong></span> <span class='ocrx_word' id='word_1_44' title='bbox 990 1295 1035 1364; x_wconf 89' lang='lat' dir='ltr'><strong>ud</strong></span> <span class='ocrx_word' id='word_1_45' title='bbox 1055 1293 1072 1362; x_wconf 80' lang='lat' dir='ltr'><strong>i</strong></span> <span class='ocrx_word' id='word_1_46' title='bbox 1088 1295 1172 1384; x_wconf 88' lang='lat' dir='ltr'><strong>poll.</strong></span> <span class='ocrx_word' id='word_1_47' title='bbox 1188 1297 1255 1386; x_wconf 78' lang='lat' dir='ltr'><strong>scre</strong></span> <span class='ocrx_word' id='word_1_48' title='bbox 1271 1299 1353 1368; x_wconf 88' lang='lat' dir='ltr'><strong>Pur.</strong></span> <span class='ocrx_word' id='word_1_49' title='bbox 1370 1323 1493 1368; x_wconf 86' lang='lat' dir='ltr'><strong>umor·</strong></span> 
     </span>
     <span class='ocr_line' id='line_1_7' title="bbox 125 1409 1491 1507; baseline 0.006 -31"><span class='ocrx_word' id='word_1_50' title='bbox 125 1409 198 1498; x_wconf 82' lang='lat' dir='ltr'><strong>pior</strong></span> <span class='ocrx_word' id='word_1_51' title='bbox 230 1423 368 1482; x_wconf 68' lang='lat' dir='ltr'><strong>exterso</strong></span> <span class='ocrx_word' id='word_1_52' title='bbox 393 1433 437 1480; x_wconf 88' lang='lat' dir='ltr'><strong>m.</strong></span> <span class='ocrx_word' id='word_1_53' title='bbox 457 1412 555 1482; x_wconf 78' lang='lat' dir='ltr'><strong>iderti</strong></span> <span class='ocrx_word' id='word_1_54' title='bbox 568 1410 756 1480; x_wconf 79' lang='lat' dir='ltr'><strong>abdominis</strong></span> <span class='ocrx_word' id='word_1_55' title='bbox 780 1411 911 1478; x_wconf 83' lang='lat' dir='ltr'><strong>sinistri</strong></span> <span class='ocrx_word' id='word_1_56' title='bbox 926 1419 959 1480; x_wconf 89' lang='lat' dir='ltr'><strong>et</strong></span> <span class='ocrx_word' id='word_1_57' title='bbox 978 1409 1019 1478; x_wconf 89' lang='lat' dir='ltr'><strong>ad</strong></span> <span class='ocrx_word' id='word_1_58' title='bbox 1038 1411 1060 1476; x_wconf 72' lang='lat'><strong>2</strong></span> <span class='ocrx_word' id='word_1_59' title='bbox 1078 1409 1151 1480; x_wconf 83' lang='lat' dir='ltr'><strong>iere</strong></span> <span class='ocrx_word' id='word_1_60' title='bbox 1172 1409 1256 1504; x_wconf 91' lang='lat' dir='ltr'><strong>poll.</strong></span> <span class='ocrx_word' id='word_1_61' title='bbox 1278 1413 1355 1484; x_wconf 89' lang='lat' dir='ltr'><strong>Par.</strong></span> <span class='ocrx_word' id='word_1_62' title='bbox 1377 1437 1395 1482; x_wconf 88' lang='lat' dir='ltr'><strong>a</strong></span> <span class='ocrx_word' id='word_1_63' title='bbox 1415 1437 1491 1507; x_wconf 89' lang='lat' dir='ltr'><strong>pro·</strong></span> 
     </span>
     <span class='ocr_line' id='line_1_8' title="bbox 126 1521 1493 1618; baseline 0.005 -24"><span class='ocrx_word' id='word_1_64' title='bbox 126 1521 277 1596; x_wconf 82' lang='lat' dir='ltr'><strong>cassibus</strong></span> <span class='ocrx_word' id='word_1_65' title='bbox 302 1524 451 1618; x_wconf 82' lang='lat' dir='ltr'><strong>spinosis</strong></span> <span class='ocrx_word' id='word_1_66' title='bbox 476 1522 713 1595; x_wconf 86' lang='lat' dir='ltr'><strong>vertebrarum</strong></span> <span class='ocrx_word' id='word_1_67' title='bbox 731 1522 847 1603; x_wconf 84' lang='lat' dir='ltr'><strong>ducta,</strong></span> <span class='ocrx_word' id='word_1_68' title='bbox 867 1523 896 1592; x_wconf 87' lang='lat' dir='ltr'><strong>si</strong></span> <span class='ocrx_word' id='word_1_69' title='bbox 914 1523 1109 1596; x_wconf 76' lang='lat' dir='ltr'><strong>stomachus</strong></span> <span class='ocrx_word' id='word_1_70' title='bbox 1127 1525 1312 1597; x_wconf 81' lang='lat' dir='ltr'><strong>bonvaldo</strong></span> <span class='ocrx_word' id='word_1_71' title='bbox 1330 1539 1493 1601; x_wconf 85' lang='lat' dir='ltr'><strong>extensus</strong></span> 
     </span>
     <span class='ocr_line' id='line_1_9' title="bbox 124 1637 1491 1732; baseline 0.004 -22"><span class='ocrx_word' id='word_1_72' title='bbox 124 1649 188 1720; x_wconf 82' lang='lat' dir='ltr'><strong>est,</strong></span> <span class='ocrx_word' id='word_1_73' title='bbox 207 1639 310 1710; x_wconf 90' lang='lat' dir='ltr'><strong>colon</strong></span> <span class='ocrx_word' id='word_1_74' title='bbox 328 1663 410 1711; x_wconf 84' lang='lat' dir='ltr'><strong>vero</strong></span> <span class='ocrx_word' id='word_1_75' title='bbox 427 1639 598 1732; x_wconf 88' lang='lat' dir='ltr'><strong>liquorem</strong></span> <span class='ocrx_word' id='word_1_76' title='bbox 618 1650 654 1709; x_wconf 91' lang='lat' dir='ltr'><strong>et</strong></span> <span class='ocrx_word' id='word_1_77' title='bbox 668 1646 783 1710; x_wconf 73' lang='lat' dir='ltr'><strong>aerem</strong></span> <span class='ocrx_word' id='word_1_78' title='bbox 801 1639 969 1716; x_wconf 81' lang='lat' dir='ltr'><strong>continet.</strong></span> <span class='ocrx_word' id='word_1_79' title='bbox 989 1637 1059 1710; x_wconf 88' lang='lat' dir='ltr'><strong>lien</strong></span> <span class='ocrx_word' id='word_1_80' title='bbox 1074 1639 1201 1711; x_wconf 89' lang='lat' dir='ltr'><strong>iundus</strong></span> <span class='ocrx_word' id='word_1_81' title='bbox 1216 1644 1413 1721; x_wconf 87' lang='lat' dir='ltr'><strong>ventriculi.</strong></span> <span class='ocrx_word' id='word_1_82' title='bbox 1431 1669 1491 1716; x_wconf 84' lang='lat' dir='ltr'><strong>ren</strong></span> 
     </span>
     <span class='ocr_line' id='line_1_10' title="bbox 123 1752 1492 1846; baseline 0.006 -24"><span class='ocrx_word' id='word_1_83' title='bbox 123 1755 262 1826; x_wconf 84' lang='lat' dir='ltr'><strong>sinister</strong></span> <span class='ocrx_word' id='word_1_84' title='bbox 277 1765 311 1826; x_wconf 88' lang='lat' dir='ltr'><strong>et</strong></span> <span class='ocrx_word' id='word_1_85' title='bbox 324 1754 424 1824; x_wconf 87' lang='lat' dir='ltr'><strong>colon</strong></span> <span class='ocrx_word' id='word_1_86' title='bbox 443 1763 673 1825; x_wconf 83' lang='lat' dir='ltr'><strong>transversum</strong></span> <span class='ocrx_word' id='word_1_87' title='bbox 689 1776 729 1824; x_wconf 88' lang='lat' dir='ltr'><strong>sc</strong></span> <span class='ocrx_word' id='word_1_88' title='bbox 743 1752 951 1824; x_wconf 87' lang='lat' dir='ltr'><strong>descendens</strong></span> <span class='ocrx_word' id='word_1_89' title='bbox 970 1753 1246 1846; x_wconf 83' lang='lat' dir='ltr'><strong>perscinduntur.</strong></span> <span class='ocrx_word' id='word_1_90' title='bbox 1269 1758 1393 1828; x_wconf 85' lang='lat' dir='ltr'><strong>Omnia</strong></span> <span class='ocrx_word' id='word_1_91' title='bbox 1411 1759 1492 1830; x_wconf 93' lang='lat' dir='ltr'><strong>baec</strong></span> 
     </span>
     <span class='ocr_line' id='line_1_11' title="bbox 124 1869 1493 1968; baseline 0.005 -29"><span class='ocrx_word' id='word_1_92' title='bbox 124 1869 255 1940; x_wconf 87' lang='lat' dir='ltr'><strong>viscera</strong></span> <span class='ocrx_word' id='word_1_93' title='bbox 274 1869 462 1963; x_wconf 88' lang='lat' dir='ltr'><strong>largiorem</strong></span> <span class='ocrx_word' id='word_1_94' title='bbox 483 1879 611 1963; x_wconf 89' lang='lat' dir='ltr'><strong>partem</strong></span> <span class='ocrx_word' id='word_1_95' title='bbox 631 1892 757 1940; x_wconf 87' lang='lat' dir='ltr'><strong>careae</strong></span> <span class='ocrx_word' id='word_1_96' title='bbox 776 1870 1020 1962; x_wconf 88' lang='lat' dir='ltr'><strong>peritonaealis</strong></span> <span class='ocrx_word' id='word_1_97' title='bbox 1039 1879 1223 1964; x_wconf 83' lang='lat' dir='ltr'><strong>occupant,</strong></span> <span class='ocrx_word' id='word_1_98' title='bbox 1255 1873 1353 1966; x_wconf 86' lang='lat' dir='ltr'><strong>eujus</strong></span> <span class='ocrx_word' id='word_1_99' title='bbox 1366 1897 1493 1968; x_wconf 88' lang='lat' dir='ltr'><strong>angus·</strong></span> 
     </span>
     <span class='ocr_line' id='line_1_12' title="bbox 124 1983 1489 2079; baseline 0.007 -27"><span class='ocrx_word' id='word_1_100' title='bbox 124 1985 191 2054; x_wconf 91' lang='lat' dir='ltr'><strong>tior</strong></span> <span class='ocrx_word' id='word_1_101' title='bbox 219 1985 293 2055; x_wconf 88' lang='lat' dir='ltr'><strong>sire</strong></span> <span class='ocrx_word' id='word_1_102' title='bbox 320 1985 465 2055; x_wconf 80' lang='lat' dir='ltr'><strong>interior</strong></span> <span class='ocrx_word' id='word_1_103' title='bbox 490 2007 569 2079; x_wconf 89' lang='lat' dir='ltr'><strong>pars</strong></span> <span class='ocrx_word' id='word_1_104' title='bbox 593 1983 771 2054; x_wconf 87' lang='lat' dir='ltr'><strong>nonnullis</strong></span> <span class='ocrx_word' id='word_1_105' title='bbox 788 1983 930 2056; x_wconf 87' lang='lat' dir='ltr'><strong>llaxuris</strong></span> <span class='ocrx_word' id='word_1_106' title='bbox 948 1985 1016 2055; x_wconf 87' lang='lat' dir='ltr'><strong>ooli</strong></span> <span class='ocrx_word' id='word_1_107' title='bbox 1036 1984 1272 2057; x_wconf 85' lang='lat' dir='ltr'><strong>descendentis</strong></span> <span class='ocrx_word' id='word_1_108' title='bbox 1289 1988 1407 2059; x_wconf 88' lang='lat' dir='ltr'><strong>relicta</strong></span> <span class='ocrx_word' id='word_1_109' title='bbox 1427 2001 1489 2062; x_wconf 86' lang='lat' dir='ltr'><strong>est.</strong></span> 
     </span>
     <span class='ocr_line' id='line_1_13' title="bbox 125 2099 1490 2198; baseline 0.004 -30"><span class='ocrx_word' id='word_1_110' title='bbox 125 2099 210 2170; x_wconf 85' lang='lat' dir='ltr'><strong>Lien</strong></span> <span class='ocrx_word' id='word_1_111' title='bbox 229 2103 266 2170; x_wconf 85' lang='lat' dir='ltr'><strong>io</strong></span> <span class='ocrx_word' id='word_1_112' title='bbox 285 2100 345 2170; x_wconf 83' lang='lat' dir='ltr'><strong>bor</strong></span> <span class='ocrx_word' id='word_1_113' title='bbox 363 2109 398 2170; x_wconf 86' lang='lat' dir='ltr'><strong>ot</strong></span> <span class='ocrx_word' id='word_1_114' title='bbox 415 2102 451 2168; x_wconf 89' lang='lat' dir='ltr'><strong>iu</strong></span> <span class='ocrx_word' id='word_1_115' title='bbox 469 2101 547 2168; x_wconf 84' lang='lat' dir='ltr'><strong>aliis</strong></span> <span class='ocrx_word' id='word_1_116' title='bbox 563 2100 809 2190; x_wconf 80' lang='lat' dir='ltr'><strong>lippoclroridrii</strong></span> <span class='ocrx_word' id='word_1_117' title='bbox 823 2101 955 2170; x_wconf 78' lang='lat' dir='ltr'><strong>sinistri</strong></span> <span class='ocrx_word' id='word_1_118' title='bbox 967 2103 1103 2192; x_wconf 80' lang='lat' dir='ltr'><strong>punctis</strong></span> <span class='ocrx_word' id='word_1_119' title='bbox 1127 2123 1263 2196; x_wconf 88' lang='lat' dir='ltr'><strong>semper</strong></span> <span class='ocrx_word' id='word_1_120' title='bbox 1280 2127 1385 2198; x_wconf 87' lang='lat' dir='ltr'><strong>prope</strong></span> <span class='ocrx_word' id='word_1_121' title='bbox 1403 2128 1490 2174; x_wconf 92' lang='lat' dir='ltr'><strong>mar·</strong></span> 
     </span>
     <span class='ocr_line' id='line_1_14' title="bbox 123 2215 1490 2311; baseline 0.007 -29"><span class='ocrx_word' id='word_1_122' title='bbox 123 2215 234 2306; x_wconf 89' lang='lat' dir='ltr'><strong>giuom</strong></span> <span class='ocrx_word' id='word_1_123' title='bbox 253 2215 479 2309; x_wconf 79' lang='lat' dir='ltr'><strong>posteriorem</strong></span> <span class='ocrx_word' id='word_1_124' title='bbox 497 2225 532 2284; x_wconf 90' lang='lat' dir='ltr'><strong>et</strong></span> <span class='ocrx_word' id='word_1_125' title='bbox 548 2216 761 2308; x_wconf 90' lang='lat' dir='ltr'><strong>superiorem</strong></span> <span class='ocrx_word' id='word_1_126' title='bbox 777 2223 973 2307; x_wconf 87' lang='lat' dir='ltr'><strong>persecatur</strong></span> <span class='ocrx_word' id='word_1_127' title='bbox 985 2224 1020 2286; x_wconf 88' lang='lat' dir='ltr'><strong>et</strong></span> <span class='ocrx_word' id='word_1_128' title='bbox 1032 2225 1206 2311; x_wconf 80' lang='lat' dir='ltr'><strong>persuetus</strong></span> <span class='ocrx_word' id='word_1_129' title='bbox 1219 2217 1368 2290; x_wconf 83' lang='lat' dir='ltr'><strong>formam</strong></span> <span class='ocrx_word' id='word_1_130' title='bbox 1386 2223 1490 2292; x_wconf 88' lang='lat' dir='ltr'><strong>triau-</strong></span> 
     </span>
     <span class='ocr_line' id='line_1_15' title="bbox 123 2327 417 2421; baseline 0.007 -23"><span class='ocrx_word' id='word_1_131' title='bbox 123 2327 278 2421; x_wconf 88' lang='lat' dir='ltr'><strong>gularem</strong></span> <span class='ocrx_word' id='word_1_132' title='bbox 299 2330 417 2400; x_wconf 87' lang='lat' dir='ltr'><strong>reiert.</strong></span> 
     </span>
    </p>

    <p class='ocr_par' dir='ltr' id='par_1_4' title="bbox 121 2444 1491 3002">
     <span class='ocr_line' id='line_1_16' title="bbox 170 2444 1488 2544; baseline 0.007 -32"><span class='ocrx_word' id='word_1_133' title='bbox 170 2447 208 2538; x_wconf 79' lang='lat' dir='ltr'><strong>le)</strong></span> <span class='ocrx_word' id='word_1_134' title='bbox 231 2445 345 2520; x_wconf 80' lang='lat' dir='ltr'><strong>Sestio</strong></span> <span class='ocrx_word' id='word_1_135' title='bbox 364 2444 546 2536; x_wconf 86' lang='lat' dir='ltr'><strong>peripsum</strong></span> <span class='ocrx_word' id='word_1_136' title='bbox 561 2446 742 2515; x_wconf 83' lang='lat' dir='ltr'><strong>musculum</strong></span> <span class='ocrx_word' id='word_1_137' title='bbox 756 2447 890 2516; x_wconf 80' lang='lat' dir='ltr'><strong>Rectum</strong></span> <span class='ocrx_word' id='word_1_138' title='bbox 904 2445 1090 2516; x_wconf 81' lang='lat' dir='ltr'><strong>abdominis</strong></span> <span class='ocrx_word' id='word_1_139' title='bbox 1107 2449 1276 2518; x_wconf 80' lang='lat' dir='ltr'><strong>sinistrum</strong></span> <span class='ocrx_word' id='word_1_140' title='bbox 1289 2447 1333 2518; x_wconf 87' lang='lat' dir='ltr'><strong>ad</strong></span> <span class='ocrx_word' id='word_1_141' title='bbox 1348 2455 1390 2544; x_wconf 63' lang='grc' dir='ltr'><strong>Ὺ,</strong></span> <span class='ocrx_word' id='word_1_142' title='bbox 1403 2450 1488 2542; x_wconf 91' lang='lat' dir='ltr'><strong>poll.</strong></span> 
     </span>
     <span class='ocr_line' id='line_1_17' title="bbox 123 2559 1491 2654; baseline 0.008 -28"><span class='ocrx_word' id='word_1_143' title='bbox 123 2559 202 2631; x_wconf 86' lang='lat' dir='ltr'><strong>Pur.</strong></span> <span class='ocrx_word' id='word_1_144' title='bbox 222 2561 295 2630; x_wconf 87' lang='lat' dir='ltr'><strong>iore</strong></span> <span class='ocrx_word' id='word_1_145' title='bbox 313 2583 333 2630; x_wconf 89' lang='lat' dir='ltr'><strong>a</strong></span> <span class='ocrx_word' id='word_1_146' title='bbox 348 2559 504 2652; x_wconf 87' lang='lat' dir='ltr'><strong>margine</strong></span> <span class='ocrx_word' id='word_1_147' title='bbox 518 2560 628 2654; x_wconf 87' lang='lat' dir='ltr'><strong>ipsius</strong></span> <span class='ocrx_word' id='word_1_148' title='bbox 648 2569 793 2630; x_wconf 86' lang='lat' dir='ltr'><strong>externo</strong></span> <span class='ocrx_word' id='word_1_149' title='bbox 813 2559 926 2638; x_wconf 85' lang='lat' dir='ltr'><strong>ducta.</strong></span> <span class='ocrx_word' id='word_1_150' title='bbox 948 2562 977 2630; x_wconf 90' lang='lat' dir='ltr'><strong>si</strong></span> <span class='ocrx_word' id='word_1_151' title='bbox 993 2560 1190 2632; x_wconf 83' lang='lat' dir='ltr'><strong>stomachus</strong></span> <span class='ocrx_word' id='word_1_152' title='bbox 1215 2560 1320 2632; x_wconf 90' lang='lat' dir='ltr'><strong>lluido</strong></span> <span class='ocrx_word' id='word_1_153' title='bbox 1338 2564 1394 2635; x_wconf 86' lang='lat' dir='ltr'><strong>rel</strong></span> <span class='ocrx_word' id='word_1_154' title='bbox 1412 2574 1491 2637; x_wconf 74' lang='lat' dir='ltr'><strong>aere</strong></span> 
     </span>
     <span class='ocr_line' id='line_1_18' title="bbox 121 2674 1488 2774; baseline 0.007 -32"><span class='ocrx_word' id='word_1_155' title='bbox 121 2674 258 2746; x_wconf 82' lang='lat' dir='ltr'><strong>modico</strong></span> <span class='ocrx_word' id='word_1_156' title='bbox 276 2684 437 2745; x_wconf 85' lang='lat' dir='ltr'><strong>extensus</strong></span> <span class='ocrx_word' id='word_1_157' title='bbox 454 2685 518 2752; x_wconf 81' lang='lat' dir='ltr'><strong>ost.</strong></span> <span class='ocrx_word' id='word_1_158' title='bbox 540 2676 701 2769; x_wconf 80' lang='lat' dir='ltr'><strong>transigit</strong></span> <span class='ocrx_word' id='word_1_159' title='bbox 719 2685 851 2769; x_wconf 86' lang='lat' dir='ltr'><strong>partem</strong></span> <span class='ocrx_word' id='word_1_160' title='bbox 869 2685 1060 2748; x_wconf 85' lang='lat' dir='ltr'><strong>extremam</strong></span> <span class='ocrx_word' id='word_1_161' title='bbox 1078 2676 1150 2747; x_wconf 91' lang='lat' dir='ltr'><strong>lobi</strong></span> <span class='ocrx_word' id='word_1_162' title='bbox 1180 2678 1312 2749; x_wconf 89' lang='lat' dir='ltr'><strong>sinistri</strong></span> <span class='ocrx_word' id='word_1_163' title='bbox 1343 2679 1488 2774; x_wconf 83' lang='lat' dir='ltr'><strong>hepatis,</strong></span> 
     </span>
     <span class='ocr_line' id='line_1_19' title="bbox 121 2790 1488 2884; baseline 0.009 -28"><span class='ocrx_word' id='word_1_164' title='bbox 121 2791 254 2881; x_wconf 85' lang='lat' dir='ltr'><strong>apicem</strong></span> <span class='ocrx_word' id='word_1_165' title='bbox 271 2791 438 2884; x_wconf 79' lang='lat' dir='ltr'><strong>marginis</strong></span> <span class='ocrx_word' id='word_1_166' title='bbox 454 2790 642 2884; x_wconf 86' lang='lat' dir='ltr'><strong>superioris</strong></span> <span class='ocrx_word' id='word_1_167' title='bbox 661 2800 695 2860; x_wconf 89' lang='lat' dir='ltr'><strong>et</strong></span> <span class='ocrx_word' id='word_1_168' title='bbox 712 2792 911 2884; x_wconf 88' lang='lat' dir='ltr'><strong>posterioris</strong></span> <span class='ocrx_word' id='word_1_169' title='bbox 928 2792 1044 2872; x_wconf 82' lang='lat' dir='ltr'><strong>lienis,</strong></span> <span class='ocrx_word' id='word_1_170' title='bbox 1071 2801 1201 2884; x_wconf 88' lang='lat' dir='ltr'><strong>partem</strong></span> <span class='ocrx_word' id='word_1_171' title='bbox 1221 2794 1396 2866; x_wconf 85' lang='lat' dir='ltr'><strong>sinistram</strong></span> <span class='ocrx_word' id='word_1_172' title='bbox 1414 2819 1488 2868; x_wconf 88' lang='lat' dir='ltr'><strong>car·</strong></span> 
     </span>
     <span class='ocr_line' id='line_1_20' title="bbox 121 2901 1489 3002; baseline 0.007 -30"><span class='ocrx_word' id='word_1_173' title='bbox 121 2901 213 2988; x_wconf 81' lang='lat' dir='ltr'><strong>diae,</strong></span> <span class='ocrx_word' id='word_1_174' title='bbox 235 2914 417 2999; x_wconf 87' lang='lat' dir='ltr'><strong>utramque</strong></span> <span class='ocrx_word' id='word_1_175' title='bbox 442 2915 662 2984; x_wconf 85' lang='lat' dir='ltr'><strong>curvaturam</strong></span> <span class='ocrx_word' id='word_1_176' title='bbox 689 2907 887 2990; x_wconf 86' lang='lat' dir='ltr'><strong>ventriculi,</strong></span> <span class='ocrx_word' id='word_1_177' title='bbox 920 2929 1044 3002; x_wconf 90' lang='lat' dir='ltr'><strong>eorpus</strong></span> <span class='ocrx_word' id='word_1_178' title='bbox 1071 2910 1278 3000; x_wconf 78' lang='lat' dir='ltr'><strong>procreatis,</strong></span> <span class='ocrx_word' id='word_1_179' title='bbox 1311 2933 1428 2980; x_wconf 89' lang='lat' dir='ltr'><strong>renem</strong></span> <span class='ocrx_word' id='word_1_180' title='bbox 1445 2912 1489 2982; x_wconf 89' lang='lat' dir='ltr'><strong>si·</strong></span> 
     </span>
    </p>
   </div>
   <div class='ocr_carea' id='block_1_3' title="bbox 120 3019 1630 3112">
    <p class='ocr_par' dir='ltr' id='par_1_5' title="bbox 120 3019 1630 3112">
     <span class='ocr_line' id='line_1_21' title="bbox 120 3019 1630 3112; baseline 0.007 -26"><span class='ocrx_word' id='word_1_181' title='bbox 120 3019 269 3091; x_wconf 89' lang='lat' dir='ltr'><strong>nistrum</strong></span> <span class='ocrx_word' id='word_1_182' title='bbox 287 3043 393 3112; x_wconf 88' lang='lat' dir='ltr'><strong>prope</strong></span> <span class='ocrx_word' id='word_1_183' title='bbox 411 3020 521 3090; x_wconf 89' lang='lat' dir='ltr'><strong>bilum</strong></span> <span class='ocrx_word' id='word_1_184' title='bbox 539 3021 660 3112; x_wconf 86' lang='lat' dir='ltr'><strong>ipsius,</strong></span> <span class='ocrx_word' id='word_1_185' title='bbox 680 3021 782 3092; x_wconf 89' lang='lat' dir='ltr'><strong>colon</strong></span> <span class='ocrx_word' id='word_1_186' title='bbox 803 3031 1033 3092; x_wconf 85' lang='lat' dir='ltr'><strong>transversum</strong></span> <span class='ocrx_word' id='word_1_187' title='bbox 1053 3046 1131 3093; x_wconf 92' lang='lat' dir='ltr'><strong>cum</strong></span> <span class='ocrx_word' id='word_1_188' title='bbox 1149 3023 1336 3106; x_wconf 88' lang='lat' dir='ltr'><strong>mesocolo‚</strong></span> <span class='ocrx_word' id='word_1_189' title='bbox 1357 3027 1491 3096; x_wconf 87' lang='lat' dir='ltr'><strong>intesti-</strong></span> <span class='ocrx_word' id='word_1_190' title='bbox 1623 3045 1630 3056; x_wconf 80' lang='grc'><em>“</em></span> 
     </span>
    </p>
   </div>
   <div class='ocr_carea' id='block_1_4' title="bbox 117 3133 1491 5416">
    <p class='ocr_par' dir='ltr' id='par_1_6' title="bbox 117 3133 1227 3228">
     <span class='ocr_line' id='line_1_22' title="bbox 117 3133 1227 3228; baseline 0.007 -28"><span class='ocrx_word' id='word_1_191' title='bbox 117 3155 204 3202; x_wconf 93' lang='lat' dir='ltr'><strong>num</strong></span> <span class='ocrx_word' id='word_1_192' title='bbox 220 3133 380 3228; x_wconf 87' lang='lat' dir='ltr'><strong>jejunum</strong></span> <span class='ocrx_word' id='word_1_193' title='bbox 399 3145 433 3204; x_wconf 90' lang='lat' dir='ltr'><strong>et</strong></span> <span class='ocrx_word' id='word_1_194' title='bbox 451 3133 618 3206; x_wconf 86' lang='lat' dir='ltr'><strong>flexuram</strong></span> <span class='ocrx_word' id='word_1_195' title='bbox 637 3136 871 3228; x_wconf 82' lang='lat' dir='ltr'><strong>sygmotdeam</strong></span> <span class='ocrx_word' id='word_1_196' title='bbox 890 3136 957 3208; x_wconf 89' lang='lat' dir='ltr'><strong>coli</strong></span> <span class='ocrx_word' id='word_1_197' title='bbox 976 3135 1227 3208; x_wconf 87' lang='lat' dir='ltr'><strong>descendentis.</strong></span> 
     </span>
    </p>

    <p class='ocr_par' dir='ltr' id='par_1_7' title="bbox 117 3248 1491 3924">
     <span class='ocr_line' id='line_1_23' title="bbox 167 3248 1490 3339; baseline 0.005 -23"><span class='ocrx_word' id='word_1_198' title='bbox 167 3248 209 3334; x_wconf 88' lang='lat'><strong>5)</strong></span> <span class='ocrx_word' id='word_1_199' title='bbox 227 3252 266 3319; x_wconf 91' lang='lat' dir='ltr'><strong>ln</strong></span> <span class='ocrx_word' id='word_1_200' title='bbox 285 3249 495 3320; x_wconf 85' lang='lat' dir='ltr'><strong>sectionibus</strong></span> <span class='ocrx_word' id='word_1_201' title='bbox 511 3253 730 3339; x_wconf 76' lang='lat' dir='ltr'><strong>permodicam</strong></span> <span class='ocrx_word' id='word_1_202' title='bbox 756 3253 937 3322; x_wconf 82' lang='lat' dir='ltr'><strong>musculum</strong></span> <span class='ocrx_word' id='word_1_203' title='bbox 954 3254 1090 3322; x_wconf 80' lang='lat' dir='ltr'><strong>Rectum</strong></span> <span class='ocrx_word' id='word_1_204' title='bbox 1106 3253 1293 3324; x_wconf 80' lang='lat' dir='ltr'><strong>abdominis</strong></span> <span class='ocrx_word' id='word_1_205' title='bbox 1321 3256 1490 3324; x_wconf 81' lang='lat' dir='ltr'><strong>sinistrum</strong></span> 
     </span>
     <span class='ocr_line' id='line_1_24' title="bbox 118 3361 1491 3458; baseline 0.008 -29"><span class='ocrx_word' id='word_1_206' title='bbox 118 3361 155 3430; x_wconf 93' lang='lat' dir='ltr'><strong>in</strong></span> <span class='ocrx_word' id='word_1_207' title='bbox 176 3361 432 3456; x_wconf 79' lang='lat' dir='ltr'><strong>longitudinem</strong></span> <span class='ocrx_word' id='word_1_208' title='bbox 452 3362 564 3434; x_wconf 91' lang='lat' dir='ltr'><strong>ductis</strong></span> <span class='ocrx_word' id='word_1_209' title='bbox 578 3387 656 3458; x_wconf 91' lang='lat' dir='ltr'><strong>pars</strong></span> <span class='ocrx_word' id='word_1_210' title='bbox 671 3363 741 3434; x_wconf 89' lang='lat' dir='ltr'><strong>lobi</strong></span> <span class='ocrx_word' id='word_1_211' title='bbox 755 3365 887 3436; x_wconf 87' lang='lat' dir='ltr'><strong>sinistri</strong></span> <span class='ocrx_word' id='word_1_212' title='bbox 901 3365 1047 3457; x_wconf 82' lang='lat' dir='ltr'><strong>hepatis,</strong></span> <span class='ocrx_word' id='word_1_213' title='bbox 1063 3389 1189 3458; x_wconf 86' lang='lat' dir='ltr'><strong>corpus</strong></span> <span class='ocrx_word' id='word_1_214' title='bbox 1203 3369 1386 3441; x_wconf 86' lang='lat' dir='ltr'><strong>ventriculi</strong></span> <span class='ocrx_word' id='word_1_215' title='bbox 1402 3372 1491 3442; x_wconf 83' lang='lat' dir='ltr'><strong>iuter</strong></span> 
     </span>
     <span class='ocr_line' id='line_1_25' title="bbox 117 3485 1488 3574; baseline 0.007 -28"><span class='ocrx_word' id='word_1_216' title='bbox 117 3489 302 3574; x_wconf 88' lang='lat' dir='ltr'><strong>utramque</strong></span> <span class='ocrx_word' id='word_1_217' title='bbox 319 3489 555 3554; x_wconf 83' lang='lat' dir='ltr'><strong>curvaturam.</strong></span> <span class='ocrx_word' id='word_1_218' title='bbox 576 3502 700 3574; x_wconf 87' lang='lat' dir='ltr'><strong>corpus</strong></span> <span class='ocrx_word' id='word_1_219' title='bbox 718 3485 922 3574; x_wconf 79' lang='lat' dir='ltr'><strong>penetentia,</strong></span> <span class='ocrx_word' id='word_1_220' title='bbox 944 3505 1022 3574; x_wconf 87' lang='lat' dir='ltr'><strong>pars</strong></span> <span class='ocrx_word' id='word_1_221' title='bbox 1040 3491 1232 3553; x_wconf 87' lang='lat' dir='ltr'><strong>transversa</strong></span> <span class='ocrx_word' id='word_1_222' title='bbox 1248 3485 1392 3556; x_wconf 81' lang='lat' dir='ltr'><strong>inferior</strong></span> <span class='ocrx_word' id='word_1_223' title='bbox 1406 3485 1488 3556; x_wconf 92' lang='lat' dir='ltr'><strong>duo·</strong></span> 
     </span>
     <span class='ocr_line' id='line_1_26' title="bbox 119 3591 1489 3691; baseline 0.009 -31"><span class='ocrx_word' id='word_1_224' title='bbox 119 3591 202 3664; x_wconf 93' lang='lat' dir='ltr'><strong>deni</strong></span> <span class='ocrx_word' id='word_1_225' title='bbox 234 3603 355 3689; x_wconf 88' lang='lat' dir='ltr'><strong>(prope</strong></span> <span class='ocrx_word' id='word_1_226' title='bbox 389 3596 571 3666; x_wconf 86' lang='lat' dir='ltr'><strong>transitum</strong></span> <span class='ocrx_word' id='word_1_227' title='bbox 599 3596 634 3665; x_wconf 93' lang='lat' dir='ltr'><strong>iu</strong></span> <span class='ocrx_word' id='word_1_228' title='bbox 659 3597 860 3667; x_wconf 85' lang='lat' dir='ltr'><strong>intestinum</strong></span> <span class='ocrx_word' id='word_1_229' title='bbox 882 3595 1072 3691; x_wconf 79' lang='lat' dir='ltr'><strong>jejunum),</strong></span> <span class='ocrx_word' id='word_1_230' title='bbox 1102 3599 1273 3670; x_wconf 89' lang='lat' dir='ltr'><strong>interdum</strong></span> <span class='ocrx_word' id='word_1_231' title='bbox 1303 3600 1489 3672; x_wconf 82' lang='lat' dir='ltr'><strong>frustulum</strong></span> 
     </span>
     <span class='ocr_line' id='line_1_27' title="bbox 121 3709 1491 3795; baseline 0.008 -18"><span class='ocrx_word' id='word_1_232' title='bbox 121 3710 215 3778; x_wconf 92' lang='lat' dir='ltr'><strong>renis</strong></span> <span class='ocrx_word' id='word_1_233' title='bbox 246 3711 390 3788; x_wconf 80' lang='lat' dir='ltr'><strong>sinistri,</strong></span> <span class='ocrx_word' id='word_1_234' title='bbox 424 3709 524 3780; x_wconf 93' lang='lat' dir='ltr'><strong>colon</strong></span> <span class='ocrx_word' id='word_1_235' title='bbox 556 3721 787 3782; x_wconf 86' lang='lat' dir='ltr'><strong>transversum</strong></span> <span class='ocrx_word' id='word_1_236' title='bbox 813 3734 888 3784; x_wconf 91' lang='lat' dir='ltr'><strong>cum</strong></span> <span class='ocrx_word' id='word_1_237' title='bbox 914 3713 1099 3795; x_wconf 81' lang='lat' dir='ltr'><strong>mesocolo,</strong></span> <span class='ocrx_word' id='word_1_238' title='bbox 1132 3714 1295 3786; x_wconf 87' lang='lat' dir='ltr'><strong>intestina</strong></span> <span class='ocrx_word' id='word_1_239' title='bbox 1322 3718 1438 3788; x_wconf 89' lang='lat' dir='ltr'><strong>tenuia</strong></span> <span class='ocrx_word' id='word_1_240' title='bbox 1456 3727 1491 3788; x_wconf 91' lang='lat' dir='ltr'><strong>et</strong></span> 
     </span>
     <span class='ocr_line' id='line_1_28' title="bbox 121 3822 1451 3924; baseline 0.007 -31"><span class='ocrx_word' id='word_1_241' title='bbox 121 3822 254 3894; x_wconf 86' lang='lat' dir='ltr'><strong>flexura</strong></span> <span class='ocrx_word' id='word_1_242' title='bbox 270 3823 468 3918; x_wconf 82' lang='lat' dir='ltr'><strong>sygmo‘idea</strong></span> <span class='ocrx_word' id='word_1_243' title='bbox 487 3849 565 3896; x_wconf 93' lang='lat' dir='ltr'><strong>cum</strong></span> <span class='ocrx_word' id='word_1_244' title='bbox 586 3828 685 3896; x_wconf 89' lang='lat' dir='ltr'><strong>initio</strong></span> <span class='ocrx_word' id='word_1_245' title='bbox 703 3827 857 3898; x_wconf 85' lang='lat' dir='ltr'><strong>intestini</strong></span> <span class='ocrx_word' id='word_1_246' title='bbox 875 3829 985 3908; x_wconf 81' lang='lat' dir='ltr'><strong>Raeti,</strong></span> <span class='ocrx_word' id='word_1_247' title='bbox 1007 3840 1160 3924; x_wconf 87' lang='lat' dir='ltr'><strong>perseeta</strong></span> <span class='ocrx_word' id='word_1_248' title='bbox 1177 3831 1451 3924; x_wconf 85' lang='lat' dir='ltr'><strong>conspiciuntur.</strong></span> 
     </span>
    </p>

    <p class='ocr_par' dir='ltr' id='par_1_8' title="bbox 117 3939 1490 4957">
     <span class='ocr_line' id='line_1_29' title="bbox 170 3939 1489 4038; baseline 0.008 -30"><span class='ocrx_word' id='word_1_249' title='bbox 170 3939 206 4030; x_wconf 88' lang='grc'><strong>6)</strong></span> <span class='ocrx_word' id='word_1_250' title='bbox 227 3940 319 4010; x_wconf 90' lang='lat' dir='ltr'><strong>Situs</strong></span> <span class='ocrx_word' id='word_1_251' title='bbox 337 3940 521 4011; x_wconf 87' lang='lat' dir='ltr'><strong>ventriculi</strong></span> <span class='ocrx_word' id='word_1_252' title='bbox 538 3952 573 4010; x_wconf 92' lang='lat' dir='ltr'><strong>et</strong></span> <span class='ocrx_word' id='word_1_253' title='bbox 588 3941 655 4010; x_wconf 88' lang='lat' dir='ltr'><strong>coli</strong></span> <span class='ocrx_word' id='word_1_254' title='bbox 675 3944 861 4014; x_wconf 81' lang='lat' dir='ltr'><strong>transversi</strong></span> <span class='ocrx_word' id='word_1_255' title='bbox 880 3944 915 4014; x_wconf 93' lang='lat' dir='ltr'><strong>in</strong></span> <span class='ocrx_word' id='word_1_256' title='bbox 934 3944 987 4016; x_wconf 86' lang='lat' dir='ltr'><strong>bis</strong></span> <span class='ocrx_word' id='word_1_257' title='bbox 1004 3945 1216 4016; x_wconf 85' lang='lat' dir='ltr'><strong>sectionibus</strong></span> <span class='ocrx_word' id='word_1_258' title='bbox 1233 3946 1358 4024; x_wconf 54' lang='lat' dir='ltr'><strong>variat</strong></span> <span class='ocrx_word' id='word_1_259' title='bbox 1388 3958 1489 4038; x_wconf 92' lang='lat' dir='ltr'><strong>prout</strong></span> 
     </span>
     <span class='ocr_line' id='line_1_30' title="bbox 122 4051 1489 4152; baseline 0.004 -28"><span class='ocrx_word' id='word_1_260' title='bbox 122 4051 189 4125; x_wconf 87' lang='lat' dir='ltr'><strong>boc</strong></span> <span class='ocrx_word' id='word_1_261' title='bbox 207 4054 262 4126; x_wconf 87' lang='lat' dir='ltr'><strong>vel</strong></span> <span class='ocrx_word' id='word_1_262' title='bbox 280 4053 366 4124; x_wconf 92' lang='lat' dir='ltr'><strong>illud</strong></span> <span class='ocrx_word' id='word_1_263' title='bbox 385 4056 500 4126; x_wconf 88' lang='lat' dir='ltr'><strong>viscus</strong></span> <span class='ocrx_word' id='word_1_264' title='bbox 516 4078 664 4127; x_wconf 88' lang='lat' dir='ltr'><strong>vacuum</strong></span> <span class='ocrx_word' id='word_1_265' title='bbox 682 4066 840 4128; x_wconf 72' lang='lat' dir='ltr'><strong>autoire</strong></span> <span class='ocrx_word' id='word_1_266' title='bbox 858 4069 893 4129; x_wconf 88' lang='lat' dir='ltr'><strong>et</strong></span> <span class='ocrx_word' id='word_1_267' title='bbox 909 4057 1043 4152; x_wconf 86' lang='lat' dir='ltr'><strong>liquore</strong></span> <span class='ocrx_word' id='word_1_268' title='bbox 1063 4071 1243 4130; x_wconf 81' lang='lat' dir='ltr'><strong>extensum</strong></span> <span class='ocrx_word' id='word_1_269' title='bbox 1262 4071 1325 4130; x_wconf 89' lang='lat' dir='ltr'><strong>est.</strong></span> <span class='ocrx_word' id='word_1_270' title='bbox 1345 4061 1402 4130; x_wconf 89' lang='lat' dir='ltr'><strong>Sic</strong></span> <span class='ocrx_word' id='word_1_271' title='bbox 1420 4073 1489 4132; x_wconf 90' lang='lat' dir='ltr'><strong>sto·</strong></span> 
     </span>
     <span class='ocr_line' id='line_1_31' title="bbox 122 4155 1490 4274; baseline 0.006 -36"><span class='ocrx_word' id='word_1_272' title='bbox 122 4155 266 4240; x_wconf 86' lang='lat' dir='ltr'><strong>macbus</strong></span> <span class='ocrx_word' id='word_1_273' title='bbox 284 4169 420 4262; x_wconf 89' lang='lat' dir='ltr'><strong>liquore</strong></span> <span class='ocrx_word' id='word_1_274' title='bbox 437 4192 609 4262; x_wconf 83' lang='lat' dir='ltr'><strong>expansus</strong></span> <span class='ocrx_word' id='word_1_275' title='bbox 628 4184 760 4264; x_wconf 88' lang='lat' dir='ltr'><strong>partem</strong></span> <span class='ocrx_word' id='word_1_276' title='bbox 778 4183 1007 4244; x_wconf 85' lang='lat' dir='ltr'><strong>transversam</strong></span> <span class='ocrx_word' id='word_1_277' title='bbox 1027 4175 1179 4245; x_wconf 88' lang='lat' dir='ltr'><strong>intestini</strong></span> <span class='ocrx_word' id='word_1_278' title='bbox 1198 4175 1265 4245; x_wconf 89' lang='lat' dir='ltr'><strong>coli</strong></span> <span class='ocrx_word' id='word_1_279' title='bbox 1283 4176 1441 4274; x_wconf 86' lang='lat' dir='ltr'><strong>deorsum</strong></span> <span class='ocrx_word' id='word_1_280' title='bbox 1455 4189 1490 4247; x_wconf 89' lang='lat' dir='ltr'><strong>et</strong></span> 
     </span>
     <span class='ocr_line' id='line_1_32' title="bbox 120 4283 1488 4383; baseline 0.007 -31"><span class='ocrx_word' id='word_1_281' title='bbox 120 4283 282 4356; x_wconf 89' lang='lat' dir='ltr'><strong>intestina</strong></span> <span class='ocrx_word' id='word_1_282' title='bbox 299 4283 418 4354; x_wconf 88' lang='lat' dir='ltr'><strong>tenuia</strong></span> <span class='ocrx_word' id='word_1_283' title='bbox 443 4307 562 4356; x_wconf 86' lang='lat' dir='ltr'><strong>versus</strong></span> <span class='ocrx_word' id='word_1_284' title='bbox 587 4283 785 4356; x_wconf 89' lang='lat' dir='ltr'><strong>columnam</strong></span> <span class='ocrx_word' id='word_1_285' title='bbox 804 4285 1032 4358; x_wconf 87' lang='lat' dir='ltr'><strong>vertebralem</strong></span> <span class='ocrx_word' id='word_1_286' title='bbox 1051 4288 1151 4382; x_wconf 89' lang='lat' dir='ltr'><strong>pellit</strong></span> <span class='ocrx_word' id='word_1_287' title='bbox 1168 4299 1202 4360; x_wconf 90' lang='lat' dir='ltr'><strong>et</strong></span> <span class='ocrx_word' id='word_1_288' title='bbox 1219 4312 1320 4360; x_wconf 88' lang='lat' dir='ltr'><strong>omne</strong></span> <span class='ocrx_word' id='word_1_289' title='bbox 1338 4293 1488 4383; x_wconf 88' lang='lat' dir='ltr'><strong>spatium</strong></span> 
     </span>
     <span class='ocr_line' id='line_1_33' title="bbox 120 4397 1486 4502; baseline 0.01 -36"><span class='ocrx_word' id='word_1_290' title='bbox 120 4399 213 4469; x_wconf 90' lang='lat' dir='ltr'><strong>inter</strong></span> <span class='ocrx_word' id='word_1_291' title='bbox 228 4399 420 4502; x_wconf 83' lang='lat' dir='ltr'><strong>marginem</strong></span> <span class='ocrx_word' id='word_1_292' title='bbox 439 4397 639 4472; x_wconf 78' lang='lat' dir='ltr'><strong>interiorem</strong></span> <span class='ocrx_word' id='word_1_293' title='bbox 659 4401 790 4496; x_wconf 87' lang='lat' dir='ltr'><strong>bepatis</strong></span> <span class='ocrx_word' id='word_1_294' title='bbox 815 4412 849 4472; x_wconf 89' lang='lat' dir='ltr'><strong>et</strong></span> <span class='ocrx_word' id='word_1_295' title='bbox 865 4403 1069 4475; x_wconf 80' lang='lat' dir='ltr'><strong>umbilicum</strong></span> <span class='ocrx_word' id='word_1_296' title='bbox 1098 4417 1257 4499; x_wconf 82' lang='lat' dir='ltr'><strong>occupat.</strong></span> <span class='ocrx_word' id='word_1_297' title='bbox 1285 4406 1413 4478; x_wconf 87' lang='lat' dir='ltr'><strong>Contra</strong></span> <span class='ocrx_word' id='word_1_298' title='bbox 1431 4433 1486 4478; x_wconf 91' lang='lat' dir='ltr'><strong>co·</strong></span> 
     </span>
     <span class='ocr_line' id='line_1_34' title="bbox 117 4511 1487 4614; baseline 0.01 -34"><span class='ocrx_word' id='word_1_299' title='bbox 117 4511 176 4584; x_wconf 91' lang='lat' dir='ltr'><strong>lon</strong></span> <span class='ocrx_word' id='word_1_300' title='bbox 197 4523 428 4584; x_wconf 85' lang='lat' dir='ltr'><strong>transversum</strong></span> <span class='ocrx_word' id='word_1_301' title='bbox 447 4522 525 4586; x_wconf 79' lang='lat' dir='ltr'><strong>aere</strong></span> <span class='ocrx_word' id='word_1_302' title='bbox 543 4525 723 4586; x_wconf 86' lang='lat' dir='ltr'><strong>extensum</strong></span> <span class='ocrx_word' id='word_1_303' title='bbox 742 4519 929 4611; x_wconf 86' lang='lat' dir='ltr'><strong>porrigitur</strong></span> <span class='ocrx_word' id='word_1_304' title='bbox 947 4543 1096 4599; x_wconf 82' lang='lat' dir='ltr'><strong>sursum,</strong></span> <span class='ocrx_word' id='word_1_305' title='bbox 1117 4521 1309 4614; x_wconf 89' lang='lat' dir='ltr'><strong>marginem</strong></span> <span class='ocrx_word' id='word_1_306' title='bbox 1330 4523 1487 4596; x_wconf 76' lang='lat' dir='ltr'><strong>iussurum</strong></span> 
     </span>
     <span class='ocr_line' id='line_1_35' title="bbox 117 4626 1486 4728; baseline 0.007 -30"><span class='ocrx_word' id='word_1_307' title='bbox 117 4626 1486 4728; x_wconf 84' lang='lat' dir='ltr'><strong>bepatisrersusdiapbragmspellit.totamqueregionemabdominiscardiacam</strong></span> 
     </span>
     <span class='ocr_line' id='line_1_36' title="bbox 118 4742 1486 4844; baseline 0.007 -31"><span class='ocrx_word' id='word_1_308' title='bbox 118 4767 227 4839; x_wconf 87' lang='lat' dir='ltr'><strong>usqua</strong></span> <span class='ocrx_word' id='word_1_309' title='bbox 238 4742 281 4813; x_wconf 87' lang='lat' dir='ltr'><strong>ad</strong></span> <span class='ocrx_word' id='word_1_310' title='bbox 292 4744 494 4816; x_wconf 92' lang='lat' dir='ltr'><strong>umbilicum</strong></span> <span class='ocrx_word' id='word_1_311' title='bbox 506 4754 541 4816; x_wconf 90' lang='lat' dir='ltr'><strong>et</strong></span> <span class='ocrx_word' id='word_1_312' title='bbox 556 4755 742 4841; x_wconf 88' lang='lat' dir='ltr'><strong>utrumque</strong></span> <span class='ocrx_word' id='word_1_313' title='bbox 761 4745 1060 4842; x_wconf 77' lang='lat' dir='ltr'><strong>bypocboudrium</strong></span> <span class='ocrx_word' id='word_1_314' title='bbox 1075 4759 1235 4844; x_wconf 86' lang='lat' dir='ltr'><strong>occupat.</strong></span> <span class='ocrx_word' id='word_1_315' title='bbox 1249 4752 1296 4821; x_wconf 88' lang='lat' dir='ltr'><strong>ita</strong></span> <span class='ocrx_word' id='word_1_316' title='bbox 1309 4764 1348 4823; x_wconf 92' lang='lat' dir='ltr'><strong>ut</strong></span> <span class='ocrx_word' id='word_1_317' title='bbox 1360 4763 1486 4823; x_wconf 86' lang='lat' dir='ltr'><strong>stoma·</strong></span> 
     </span>
     <span class='ocr_line' id='line_1_37' title="bbox 118 4858 1483 4957; baseline 0.007 -29"><span class='ocrx_word' id='word_1_318' title='bbox 118 4860 203 4932; x_wconf 85' lang='lat' dir='ltr'><strong>ebus</strong></span> <span class='ocrx_word' id='word_1_319' title='bbox 222 4860 365 4930; x_wconf 89' lang='lat' dir='ltr'><strong>omuino</strong></span> <span class='ocrx_word' id='word_1_320' title='bbox 384 4858 446 4930; x_wconf 89' lang='lat' dir='ltr'><strong>sub</strong></span> <span class='ocrx_word' id='word_1_321' title='bbox 465 4859 587 4953; x_wconf 87' lang='lat' dir='ltr'><strong>bepate</strong></span> <span class='ocrx_word' id='word_1_322' title='bbox 606 4869 641 4930; x_wconf 89' lang='lat' dir='ltr'><strong>et</strong></span> <span class='ocrx_word' id='word_1_323' title='bbox 657 4872 750 4954; x_wconf 90' lang='lat' dir='ltr'><strong>parte</strong></span> <span class='ocrx_word' id='word_1_324' title='bbox 769 4860 929 4932; x_wconf 88' lang='lat' dir='ltr'><strong>tendinea</strong></span> <span class='ocrx_word' id='word_1_325' title='bbox 957 4862 1228 4957; x_wconf 85' lang='lat' dir='ltr'><strong>diaphragmatis</strong></span> <span class='ocrx_word' id='word_1_326' title='bbox 1250 4867 1410 4938; x_wconf 90' lang='lat' dir='ltr'><strong>conditus</strong></span> <span class='ocrx_word' id='word_1_327' title='bbox 1427 4872 1483 4938; x_wconf 89' lang='lat' dir='ltr'><strong>sit.</strong></span> 
     </span>
    </p>

    <p class='ocr_par' dir='ltr' id='par_1_9' title="bbox 119 4975 1489 5416">
     <span class='ocr_line' id='line_1_38' title="bbox 164 4975 1489 5070; baseline 0.004 -26"><span class='ocrx_word' id='word_1_328' title='bbox 164 4979 203 5070; x_wconf 81' lang='lat'><strong>7)</strong></span> <span class='ocrx_word' id='word_1_329' title='bbox 225 4977 262 5046; x_wconf 93' lang='lat' dir='ltr'><strong>lu</strong></span> <span class='ocrx_word' id='word_1_330' title='bbox 283 4975 433 5046; x_wconf 85' lang='lat' dir='ltr'><strong>sectione</strong></span> <span class='ocrx_word' id='word_1_331' title='bbox 449 4977 686 5064; x_wconf 78' lang='lat' dir='ltr'><strong>perioreruam</strong></span> <span class='ocrx_word' id='word_1_332' title='bbox 699 4981 878 5070; x_wconf 79' lang='lat' dir='ltr'><strong>aruspicem</strong></span> <span class='ocrx_word' id='word_1_333' title='bbox 895 4980 1038 5048; x_wconf 83' lang='lat' dir='ltr'><strong>musculi</strong></span> <span class='ocrx_word' id='word_1_334' title='bbox 1051 4981 1145 5050; x_wconf 75' lang='lat' dir='ltr'><strong>{iacti</strong></span> <span class='ocrx_word' id='word_1_335' title='bbox 1160 4983 1346 5051; x_wconf 80' lang='lat' dir='ltr'><strong>abdominis</strong></span> <span class='ocrx_word' id='word_1_336' title='bbox 1363 4986 1489 5051; x_wconf 81' lang='lat' dir='ltr'><strong>rirrr&#39;strr‘</strong></span> 
     </span>
     <span class='ocr_line' id='line_1_39' title="bbox 119 5089 1487 5186; baseline 0.006 -26"><span class='ocrx_word' id='word_1_337' title='bbox 119 5089 224 5181; x_wconf 81' lang='lat' dir='ltr'><strong>piope</strong></span> <span class='ocrx_word' id='word_1_338' title='bbox 241 5089 370 5162; x_wconf 89' lang='lat' dir='ltr'><strong>lineam</strong></span> <span class='ocrx_word' id='word_1_339' title='bbox 388 5089 581 5160; x_wconf 88' lang='lat' dir='ltr'><strong>medianam</strong></span> <span class='ocrx_word' id='word_1_340' title='bbox 601 5091 636 5160; x_wconf 93' lang='lat' dir='ltr'><strong>in</strong></span> <span class='ocrx_word' id='word_1_341' title='bbox 654 5091 910 5186; x_wconf 87' lang='lat' dir='ltr'><strong>longitudinem</strong></span> <span class='ocrx_word' id='word_1_342' title='bbox 929 5093 1044 5172; x_wconf 83' lang='lat' dir='ltr'><strong>ducta.</strong></span> <span class='ocrx_word' id='word_1_343' title='bbox 1064 5097 1093 5166; x_wconf 86' lang='lat' dir='ltr'><strong>si</strong></span> <span class='ocrx_word' id='word_1_344' title='bbox 1113 5097 1324 5168; x_wconf 83' lang='lat' dir='ltr'><strong>ventriculus</strong></span> <span class='ocrx_word' id='word_1_345' title='bbox 1338 5108 1372 5166; x_wconf 92' lang='lat' dir='ltr'><strong>et</strong></span> <span class='ocrx_word' id='word_1_346' title='bbox 1385 5121 1487 5168; x_wconf 86' lang='lat' dir='ltr'><strong>cona·</strong></span> 
     </span>
     <span class='ocr_line' id='line_1_40' title="bbox 119 5202 1483 5296; baseline 0.007 -24"><span class='ocrx_word' id='word_1_347' title='bbox 119 5203 161 5276; x_wconf 89' lang='lat' dir='ltr'><strong>lis</strong></span> <span class='ocrx_word' id='word_1_348' title='bbox 180 5202 387 5276; x_wconf 88' lang='lat' dir='ltr'><strong>intestinalis</strong></span> <span class='ocrx_word' id='word_1_349' title='bbox 417 5227 547 5280; x_wconf 85' lang='lat' dir='ltr'><strong>vacuus</strong></span> <span class='ocrx_word' id='word_1_350' title='bbox 577 5217 637 5276; x_wconf 89' lang='lat' dir='ltr'><strong>aut</strong></span> <span class='ocrx_word' id='word_1_351' title='bbox 656 5208 790 5279; x_wconf 86' lang='lat' dir='ltr'><strong>modice</strong></span> <span class='ocrx_word' id='word_1_352' title='bbox 808 5219 971 5279; x_wconf 84' lang='lat' dir='ltr'><strong>extensus</strong></span> <span class='ocrx_word' id='word_1_353' title='bbox 1004 5221 1068 5296; x_wconf 89' lang='lat' dir='ltr'><strong>est,</strong></span> <span class='ocrx_word' id='word_1_354' title='bbox 1105 5211 1205 5282; x_wconf 92' lang='lat' dir='ltr'><strong>lobus</strong></span> <span class='ocrx_word' id='word_1_355' title='bbox 1247 5212 1385 5282; x_wconf 89' lang='lat' dir='ltr'><strong>sinister</strong></span> <span class='ocrx_word' id='word_1_356' title='bbox 1425 5213 1483 5282; x_wconf 91' lang='lat' dir='ltr'><strong>be·</strong></span> 
     </span>
     <span class='ocr_line' id='line_1_41' title="bbox 120 5319 1482 5416; baseline 0.012 -28"><span class='ocrx_word' id='word_1_357' title='bbox 120 5321 219 5411; x_wconf 79' lang='lat' dir='ltr'><strong>palis.</strong></span> <span class='ocrx_word' id='word_1_358' title='bbox 257 5343 334 5414; x_wconf 89' lang='lat' dir='ltr'><strong>para</strong></span> <span class='ocrx_word' id='word_1_359' title='bbox 368 5319 544 5410; x_wconf 85' lang='lat' dir='ltr'><strong>ligamenti</strong></span> <span class='ocrx_word' id='word_1_360' title='bbox 580 5319 911 5416; x_wconf 86' lang='lat' dir='ltr'><strong>bepatoduodeualis</strong></span> <span class='ocrx_word' id='word_1_361' title='bbox 942 5337 977 5396; x_wconf 90' lang='lat' dir='ltr'><strong>et</strong></span> <span class='ocrx_word' id='word_1_362' title='bbox 1009 5325 1130 5398; x_wconf 89' lang='lat' dir='ltr'><strong>bursae</strong></span> <span class='ocrx_word' id='word_1_363' title='bbox 1164 5327 1292 5398; x_wconf 91' lang='lat' dir='ltr'><strong>omenti</strong></span> <span class='ocrx_word' id='word_1_364' title='bbox 1328 5331 1482 5412; x_wconf 81' lang='lat' dir='ltr'><strong>minoris.</strong></span> 
     </span>
    </p>
   </div>
   <div class='ocr_carea' id='block_1_5' title="bbox 0 0 1846 6004">
    <p class='ocr_par' dir='ltr' id='par_1_10' title="bbox 0 0 1846 6004">
     <span class='ocr_line' id='line_1_42' title="bbox 0 0 1846 6004; baseline 0 0"><span class='ocrx_word' id='word_1_365' title='bbox 0 0 1846 6004; x_wconf 95' lang='lat' dir='ltr'><strong> </strong></span> 
     </span>
    </p>
   </div>
  </div>
 </body>
</html>
