3704 6008
350 797 475 870 eeettm‚
494 789 588 876 spatio
606 788 697 856 albidi
709 788 829 872 coloris,
850 789 927 877 quod
938 798 1050 858 textum
1064 789 1240 858 calinicsuun
1258 789 1376 874 utrique
1389 788 1518 862 unium
1526 790 1669 862 memmii

349 905 549 990 interpositum
576 914 790 991 repraesentat,
817 906 959 983 alamina
986 907 1138 992 superiore
1160 903 1279 998 (ab.)
1295 904 1552 992 scioccamente
1574 904 1610 974 li.
1636 905 1670 974 ln

347 1030 439 1086 strato
458 1021 512 1086 boc
528 1021 625 1086 albido
640 1041 667 1088 s.
692 1029 771 1088 textu
786 1021 925 1088 celluloso
939 1021 1081 1088 mesocoli
1095 1023 1256 1088 transversi
1269 1029 1457 1087 curvaturam
1475 1022 1626 1088 sinistram
1640 1031 1669 1090 et

345 1154 379 1200 cx
404 1145 486 1220 parte
504 1135 635 1202 dentiam
653 1137 709 1204 ccli
727 1137 887 1204 transversi
908 1135 990 1224 ind,
1009 1143 1124 1224 partem
1138 1137 1363 1204 descendentem
1377 1136 1666 1225 duodecimam),

346 1269 488 1336 pancrcus
506 1249 548 1343 (r)
563 1260 592 1318 et
607 1251 721 1318 initium
734 1251 826 1340 jejuni
841 1256 897 1323 sita
910 1230 991 1333 essm
1009 1254 1121 1321 alteras
1133 1253 1238 1320 barum
1253 1255 1378 1338 portium
1396 1253 1587 1338 aperitonaec
1600 1270 1667 1338 pcr-

340 1365 418 1432 lecte
432 1366 604 1443 denodatos.
614 1377 645 1434 ut
658 1368 955 1444 duodenum,alteras
973 1389 1008 1435 en
1023 1378 1108 1456 parte
1119 1367 1304 1434 solummodo
1315 1367 1425 1434 lamma
1437 1367 1591 1452 superiore
1603 1385 1667 1434 nte·

341 1479 433 1546 secoli
448 1483 610 1549 transversi
624 1485 757 1565 vestitas,
774 1494 807 1552 ut
819 1499 962 1570 pancreas
975 1495 1004 1550 et
1017 1485 1159 1570 perierem
1174 1485 1322 1549 internum
1335 1484 1394 1549 coli
1406 1484 1580 1566 transversi,
1596 1481 1666 1548 reli·

343 1615 417 1681 quas
435 1597 573 1683 denique,
590 1608 622 1666 ut
638 1599 753 1666 initium
764 1601 871 1686 jejuni,
889 1598 998 1666 lomina
1013 1597 1306 1666 intortcrcmcsocott
1320 1601 1483 1666 transversi
1500 1601 1667 1668 dinomac-

343 1709 421 1778 lutas
438 1729 519 1781 esse.

343 1895 462 1966 ΤΔιι.
477 1897 525 1967 tt.
539 1895 615 1966 Tres
629 1901 775 1968 sectiones
790 1909 959 1968 irauveusas
973 1901 1210 1988 abdominis,per
1224 1897 1429 1988 cartilaginem
1442 1899 1667 1968 cosmatum,

221 2055 224 2062 ’
294 2050 348 2117 pet
367 2031 539 2100 umbilicum
558 2041 587 2098 et
604 2051 657 2118 per
674 2033 866 2144 eagtilagines
884 2034 1028 2102 vertebris
1043 2033 1212 2103 lumborum
1234 2031 1322 2116 puae,
1345 2035 1399 2102 3ιο
1417 2044 1447 2102 ci
1464 2035 1519 2102 Μ
1538 2037 1667 2122 interpo-

295 2163 384 2247 sitas,
404 2183 461 2232 neo
477 2185 535 2232 non
552 2184 604 2252 per
621 2185 729 2252 eorpus
745 2167 900 2236 vertebrae
921 2167 1091 2238 lumborum
1109 2166 1166 2234 3⁸⁰
1183 2166 1301 2248 ductas,
1327 2166 1454 2256 effingit.

391 2346 470 2441 Fig.
495 2353 528 2420 l.
549 2350 649 2420 Sentio
661 2365 831 2422 transversa
846 2374 897 2440 per
912 2354 1117 2444 cartilaginem
1133 2365 1233 2420 costae
1250 2351 1434 2463 l0¹¹¹⁸⁰=per
1447 2361 1544 2419 costas
1561 2351 1663 2448 ditm,

343 2481 432 2550 ppam
449 2492 479 2550 et
494 2503 547 2570 per
564 2486 770 2576 cartilaginem
783 2485 1054 2568 iniervctebralem,
1071 2506 1146 2574 quae
1159 2486 1331 2554 vertebram
1346 2485 1433 2552 ΜΨ
1456 2506 1524 2554 cum
1542 2485 1580 2556 3·
1596 2487 1668 2574 jun·

341 2615 398 2702 git,
423 2615 569 2684 instituta.

386 2777 519 2852 Cadaver
531 2785 650 2874 juvenis
668 2786 834 2854 macilenti.
862 2785 975 2855 Nullae
991 2789 1169 2855 mutationes
1188 2788 1347 2878 organicae
1369 2787 1516 2855 viscerum
1534 2787 1666 2854 thoracis

340 2921 370 2978 ct
386 2913 565 2986 abdominis.
586 2915 780 2988 Ventriculus
799 2931 827 2987 et
844 2921 958 2988 canalis
977 2923 1153 2990 intestiualis
1173 2929 1292 2989 ommno
1311 2922 1373 2988 lere
1389 2923 1487 2988 vacui.

389 3075 498 3152 Facies
511 3089 651 3156 sectionis
665 3090 915 3176 superios—d.
932 3085 1083 3179 Cartilago
1098 3101 1197 3158 costae
1216 3089 1411 3156 {poe-..p
1428 3088 1517 3157 i'osta
1534 3090 1604 3158 iilfl·
1619 3126 1666 3140 -

344 3195 383 3264 0.
403 3197 494 3268 Costa
514 3193 647 3269 ldib-
672 3203 719 3272 D.
740 3203 892 3295 Cartilago
919 3206 1171 3274 intersertebrelia
1197 3204 1346 3274 vertebris
1371 3206 1537 3272 iamborum
1564 3203 1619 3274 9¹0
1635 3217 1666 3274 et

346 3314 402 3383 3⁸⁸
433 3317 604 3405 interposita
624 3329 653 3388 et
669 3322 811 3408 particula
840 3325 984 3412 marginis
1009 3324 1160 3391 interioris
1184 3321 1339 3390 vertebrae
1364 3321 1503 3391 lumbulis
1529 3319 1596 3387 9⁸·-
1613 3357 1665 3372 -

340 3429 385 3497 dd.
409 3429 575 3500 processus
598 3437 767 3502 articularis
790 3438 971 3504 descendens
988 3449 1018 3505 ct
1034 3441 1172 3524 spinosus
1189 3437 1343 3504 vemebrac
1360 3435 1498 3504 lumbatis
1517 3435 1603 3502 ΞΜ
1615 3473 1662 3486 -

339 3541 384 3614 di.
405 3545 572 3615 Procossus
593 3550 763 3618 articularis
780 3553 946 3620 ascendens
964 3553 1119 3631 vertebrae
1141 3551 1280 3618 lumbatis
1300 3551 1364 3618 3¹⁰·
1385 3580 1434 3602 υ·-
1453 3549 1493 3616 id.
1515 3547 1561 3618 Μ.
1582 3549 1661 3620 liec-

299 3681 301 3691 ’
340 3671 387 3728 tus
405 3662 582 3730 abdominis.
602 3699 652 3716 -
668 3663 712 3732 H.
740 3664 786 3733 Μ.
807 3663 954 3754 Obliquus
971 3667 1138 3736 abdominis
1154 3677 1308 3734 externus.
1329 3697 1374 3714 -·
1399 3660 1430 3730 1.
1450 3661 1495 3730 Μ.
1515 3657 1663 3751 Obliquus

339 3777 505 3848 abdominis
522 3781 723 3850 tntamns.-—
742 3781 783 3850 ti.
807 3781 853 3850 Μ.
874 3781 1077 3850 Transversus
1096 3783 1261 3848 abdominis
1278 3789 1308 3851 ei
1327 3795 1396 3865 pars
1413 3777 1660 3868 diapbraguatis

338 3897 496 3982 praecipuo
514 3897 542 3962 ia
560 3898 652 3964 latera
669 3897 770 3964 dertro
784 3900 923 3965 sectionis
937 3901 1108 3986 conspicuo.
1125 3926 1171 3946 *-
1193 3897 1230 3963 L.
1251 3895 1297 3964 Μ.
1319 3893 1498 3962 tutissimos
1516 3895 1661 3963 dorsi.»-

341 4007 390 4076 M.
413 4007 458 4078 Μ.
480 4011 622 4080 Serretus
639 4014 768 4100 posticas
786 4015 921 4082 inierint.
942 4044 988 4066 -ι
1007 4013 1051 4084 Ν.
1072 4011 1118 4080 Μ.
1141 4011 1236 4079 Psoas
1257 4010 1364 4097 major,
1392 4009 1552 4076 ncmdtce
1568 4009 1661 4078 fibrae

341 4127 527 4195 musculares
552 4129 650 4196 cruris
668 4130 775 4196 interni
809 4129 1041 4220 diaphragmatis
1070 4139 1098 4197 et
1127 4144 1169 4196 ut.
1200 4123 1373 4207 Quadratus
1401 4123 1579 4193 lumborum.
1611 4155 1662 4180 ›-

344 4239 387 4308 0.
412 4241 458 4311 Μ.
484 4241 730 4312 Sacroiumbalis.
750 4281 801 4296 -
817 4244 859 4312 P.
883 4245 927 4314 Μ.
955 4241 1165 4333 longissimos
1186 4242 1280 4312 dorsi.
1299 4273 1349 4292 -··
1370 4259 1407 4306 n.
1427 4257 1463 4306 o.
1481 4259 1513 4308 a.
1543 4238 1660 4311 Perito-

341 4373 449 4422 naeum
467 4359 607 4445 parietalc
631 4371 660 4427 et
677 4361 768 4428 inscia
791 4360 1071 4447 subperitonaeaiis,
1094 4375 1182 4446 qnam
1204 4357 1253 4423 ltic
1273 4355 1486 4442 quodammodo
1507 4357 1661 4423 condena-

341 4472 452 4540 tinnem
473 4475 633 4544 insciorum
659 4482 848 4544 transversae
872 4487 901 4544 et
918 4477 1055 4564 propriae
1071 4475 1182 4542 labero
1204 4467 1383 4539 licet-c'.
1405 4467 1464 4537 o''.
1484 4469 1661 4538 lnlleniones

342 4588 470 4658 laminae
486 4593 638 4678 pariatoiis
655 4595 817 4679 peritonaci
837 4610 926 4679 supro
944 4592 1029 4659 coion
1044 4590 1209 4658 ascendens
1226 4597 1257 4655 et
1272 4583 1455 4654 descendens
1473 4585 1509 4654 ad
1535 4583 1661 4654 amicas

342 4706 485 4772 mesccoii
514 4719 651 4775 externas
680 4709 912 4776 constituendas.
932 4741 982 4758 -·
999 4707 1031 4775 d.
1053 4704 1240 4774 Cuntinnotio
1260 4703 1387 4768 iatninae
1412 4702 1546 4768 internae
1563 4719 1661 4768 meno·

338 4819 396 4886 ccli
430 4822 635 4890 descendentis
667 4825 695 4888 in
728 4823 868 4890 laminam
902 4822 1030 4888 iuiimnm
1061 4820 1201 4889 mesocoii
1233 4817 1409 4896 transversi,
1443 4835 1518 4901 qnae
1546 4823 1659 4901 partem

340 4933 465 5002 duodeni
491 4947 521 5005 et
542 4937 675 5025 jejunam
705 4938 833 5003 iiaestit.
862 4967 911 4990 -ι
935 4937 970 5005 d.
993 4936 1170 5025 Propagatic
1196 4933 1323 5001 laminae
1347 4931 1497 4998 interioris
1519 4930 1660 4998 uescendi

336 5055 503 5120 transversi
537 5064 568 5122 ct
603 5053 730 5118 laminae
756 5054 888 5120 internae
913 5051 1054 5122 mosocoli
1087 5051 1275 5120 ascendentis
1298 5049 1328 5114 in
1362 5046 1502 5114 laminam
1526 5047 1659 5115 dextram

338 5171 525 5235 mesenterii.
550 5203 600 5218 -
624 5186 652 5235 c.
680 5165 893 5234 bleseaterium
918 5171 948 5234 in
970 5169 1084 5238 duobus
1105 5169 1173 5238 aliis
1193 5167 1288 5234 adiano
1310 5162 1384 5229 locis
1406 5173 1595 5266 persectnm.¹
1610 5195 1660 5212 ·-

339 5278 365 5366 Ῑ.
393 5279 504 5350 Tenios
543 5274 702 5350 nebulosus
744 5291 774 5348 et
814 5283 971 5372 glandulae
1007 5285 1167 5354 nonnullos
1200 5279 1384 5350 mecanicae
1420 5278 1497 5346 inter
1534 5278 1659 5344 lammas-
