3682 6004
581 593 921 686 '-re-

159 803 339 872 anteriorem
357 801 511 872 ventrienii
528 812 645 892 tegens.
666 837 714 852 -
731 823 765 870 a.
786 823 820 870 o.
850 801 955 874 Altera
977 806 1086 874 lamine
1104 807 1247 894 parietem
1274 809 1366 896 ipsius
1384 823 1478 900 poste·

162 918 274 986 riorem
291 919 460 986 investiens.
483 915 615 1006 Utroque
634 917 738 984 narum
754 917 930 988 laminarum
951 923 980 990 in
998 919 1045 990 t''.
1064 919 1112 988 t’'.
1130 920 1283 990 Laminam
1298 929 1478 998 anteriorem

165 1033 290 1120 parietis
309 1033 466 1102 anterioris
484 1033 593 1100 omenti
610 1032 732 1118 majoris
750 1041 780 1100 et
796 1032 825 1098 in
844 1054 878 1100 a.
898 1056 932 1102 a.
961 1033 1116 1104 Laminam
1141 1041 1332 1123 posteriorem
1358 1046 1480 1129 parietis

166 1148 326 1216 anterioris
339 1150 449 1217 omenti
464 1148 584 1235 majoris
599 1147 845 1214 eontinentur.-
860 1145 919 1216 t’''.
930 1147 988 1217 t'''.
1000 1147 1280 1220 a'''.a'''.1niienio
1293 1158 1413 1241 parietis
1426 1179 1477 1226 an-

162 1262 283 1330 terioris
296 1263 407 1332 omenti
419 1262 540 1350 majoris
553 1264 583 1329 in
597 1262 738 1348 parietem
753 1263 846 1348 ipsios
860 1266 1067 1350 posteriorem.
1079 1302 1129 1317 -
1139 1264 1475 1343 t”’'.t”’'.o''''.o’'''.

161 1374 350 1446 Continuatio
367 1386 397 1446 et
414 1375 558 1444 enudatos
575 1378 721 1464 parietum
750 1378 859 1444 omenti
884 1380 1005 1466 majoris
1030 1399 1098 1448 eum
1124 1383 1271 1452 mesoooio
1295 1393 1474 1456 transuerso.

160 1607 273 1674 omenti
288 1607 409 1694 majoris
426 1606 551 1676 oondata
568 1607 607 1674 ad
622 1608 743 1675 bursam
763 1607 849 1694 hujus
866 1612 977 1678 omenti
1009 1607 1050 1703 (s.
1083 1631 1203 1679 oeream
1216 1613 1324 1681 omenti
1338 1617 1473 1710 majoris)

160 1718 223 1790 a''.
241 1743 281 1790 a.
308 1721 542 1792 constituendam
570 1723 706 1802 inseruit;
739 1723 848 1790 domina
875 1741 946 1792 nero
976 1725 1099 1794 inierior
1128 1727 1269 1793 mesoooli
1297 1734 1473 1816 transversi,

160 1832 224 1904 t''².
244 1847 283 1905 tt.
303 1847 341 1907 tt.
361 1837 477 1906 initium
494 1837 626 1906 intestini
639 1836 733 1924 jejuni
754 1833 806 1930 (ii)
829 1838 990 1924 involvens,
1018 1841 1048 1908 in
1064 1842 1195 1909 radieom
1212 1845 1384 1912 mesentorii
1400 1855 1429 1914 et
1446 1849 1475 1914 in

159 1969 205 2018 ao.
224 1948 290 2019 ao’'.
309 1951 480 2020 mesoooion
495 1951 678 2020 descendens
702 1951 902 2022 eontinentur.
921 1989 969 2006 -
986 1973 1017 2022 o.
1037 1951 1081 2022 o’.
1111 1953 1289 2024 inflexiones
1312 1961 1474 2046 peritonoei

160 2065 243 2133 eirea
261 2067 400 2134 nondam
417 2071 536 2136 rosione
553 2067 703 2134 urinariae
722 2061 796 2158 (ao).
815 2103 861 2118 -
879 2089 918 2136 ae.
953 2065 1028 2136 Pare
1054 2087 1161 2138 careae
1178 2072 1286 2138 omenti
1305 2074 1427 2158 majoris
1444 2079 1474 2145 in

161 2179 276 2249 duodus
292 2181 338 2248 rei
356 2180 454 2249 tribus
470 2181 544 2249 ioois
564 2178 636 2272 (aa'')
657 2180 737 2249 eirea
755 2182 910 2250 transitum
929 2183 1020 2269 ipsius
1037 2184 1068 2250 in
1086 2203 1189 2252 aarum
1214 2190 1324 2255 omenti
1352 2192 1474 2261 minoris

162 2290 263 2386 (panio
279 2296 315 2364 ad
332 2296 483 2365 sinistram
504 2297 657 2365 [oraminis
674 2297 783 2364 omenti
801 2294 938 2388 majoris)
969 2307 1133 2385 perseotae.
1154 2335 1201 2352 -
1216 2321 1251 2388 p.
1282 2299 1473 2376 Ventrieuios

156 2411 227 2479 aire
243 2419 272 2480 et
287 2411 403 2498 liquore
419 2419 558 2481 extensus
576 2431 628 2499 per
647 2410 768 2478 inodum
786 2419 816 2480 et
832 2419 1019 2480 curvaturam
1039 2413 1181 2500 majorem
1200 2427 1367 2500 perseetns.
1395 2419 1473 2490 Cur·

158 2531 261 2593 natura
293 2523 387 2614 major
417 2526 560 2594 stomachi
578 2527 608 2594 in
625 2524 769 2593 eadarere
784 2525 841 2592 hoo
866 2525 1057 2594 dimotionem
1083 2527 1472 2618 obiiqnoperpendioniarem

161 2637 263 2718 natet,
282 2649 312 2708 et
329 2641 366 2709 ad
382 2643 534 2710 sinistram
552 2650 677 2729 spectat,
705 2640 744 2708 ita
765 2649 797 2708 nt
819 2641 914 2728 major
933 2642 1027 2729 ipsias
1043 2661 1111 2729 pars
1129 2644 1159 2710 in
1176 2643 1231 2710 hoo
1247 2647 1387 2715 sectionis
1404 2670 1471 2742 sag-

159 2763 258 2822 mento
273 2755 378 2824 reiiota
393 2765 523 2824 maneat.
542 2792 592 2807 —
610 2751 680 2841 pm.
701 2752 777 2824 Pars
795 2763 970 2832 onrraturae
986 2757 1110 2825 minoris
1127 2757 1297 2829 uentriculi.
1315 2757 1471 2834 Oriiioium

162 2867 271 2951 (littori
288 2889 346 2937 non
362 2868 564 2962 designatum)
584 2869 659 2958 quod
678 2869 754 2939 inter
773 2880 786 2936 t
802 2877 832 2937 et
845 2867 903 2958 ψ’
921 2872 1114 2958 oonspioitur,
1146 2881 1192 2940 ast
1216 2892 1284 2960 pars
1313 2879 1471 2968 nentriooii

158 2980 195 3048 ad
211 2983 363 3054 sinistram
380 2985 499 3055 eardiae
515 2987 573 3054 sita
589 2994 619 3054 et
635 3004 725 3073 prope
742 2986 838 3073 ipsam
857 2986 986 3054 seotione
1002 2994 1116 3074 aperta,
1149 2986 1272 3074 ideoque
1290 2989 1364 3058 haee
1379 2996 1471 3062 seotie

158 3113 211 3184 per
235 3105 350 3186 partem
374 3100 555 3185 nardinum,
578 3119 631 3188 per
647 3107 837 3168 onrraturam
861 3100 1020 3184 minorem,
1041 3099 1341 3172 fundum-ventriculi
1365 3115 1395 3173 et
1418 3128 1472 3195 per

156 3223 345 3284 curratnram
370 3214 464 3303 ipsios
481 3216 623 3304 majorem
638 3213 758 3302 oblique
775 3214 805 3280 in
822 3213 1034 3304 longitudinem
1051 3213 1137 3282 dueta
1154 3222 1212 3284 est.
1233 3253 1279 3268 -
1297 3240 1330 3286 z.
1357 3216 1471 3311 Corpus

158 3329 326 3413 panmaatis
342 3347 411 3397 enm
428 3329 539 3398 arteria
556 3335 585 3396 et
602 3345 676 3395 rena
701 3326 804 3396 iiennii
829 3326 939 3395 lamina
964 3327 1117 3414 superiore
1144 3331 1285 3399 mesoooii
1310 3340 1470 3406 transversi

159 3438 230 3530 (arm
246 3449 277 3511 et
291 3439 332 3534 a)
350 3443 532 3513 investitum.
551 3479 601 3494 -
617 3463 670 3510 az.
698 3439 849 3510 Partiooia
870 3441 1016 3532 marginis
1033 3443 1195 3528 superioris
1212 3446 1272 3514 iobi
1287 3448 1401 3518 sinistri
1417 3451 1471 3521 he·

156 3558 234 3643 patin
248 3559 408 3649 ligamento
424 3557 602 3650 triangulari
622 3555 665 3646 (ρ’
680 3554 726 3650 p’)
746 3555 961 3646 diaphragmati
978 3556 1195 3626 adnexa-i.
1213 3559 1301 3646 Lien,
1316 3563 1400 3653 enjus
1417 3585 1470 3636 ax-

154 3671 290 3740 tremitne
313 3675 462 3760 superior,
493 3693 569 3763 quae
594 3674 683 3742 simui
710 3674 825 3741 interna
851 3677 881 3738 et
898 3671 1118 3758 posteriorest,
1137 3672 1336 3764 dispensante
1353 3683 1468 3769 oonspi·

157 3789 246 3858 eitnr.
266 3787 399 3860 Maxima
416 3811 485 3880 pars
501 3793 587 3860 lienis
606 3789 670 3883 (qni
687 3790 893 3867 dimotionem,
910 3797 943 3857 ut
955 3789 1127 3877 pierumque
1139 3789 1204 3858 fieri
1218 3792 1305 3870 solet,
1321 3793 1469 3881 obliquam

159 3901 260 3998 dohet)
278 3907 311 3972 in
325 3905 381 3974 hoe
398 3906 540 3975 saotionis
557 3913 711 3996 segmento
728 3906 833 3974 reiietn
850 3911 896 3971 est
920 3911 950 3972 et
974 3904 1049 3972 situs
1075 3906 1168 3992 ipsius
1192 3905 1345 3974 directioni
1373 3908 1470 3978 lineae

157 4019 353 4110 imaginariae
368 4040 386 4090 a
402 4021 460 4090 iitt.
484 4023 499 4090 i
518 4021 555 4090 ad
571 4044 596 4090 o
611 4029 778 4108 protractae
795 4019 924 4107 periente
939 4019 1108 4107 respondet.
1129 4016 1281 4088 Diameter
1297 4022 1389 4108 ipsius
1404 4023 1469 4092 ion·

158 4131 332 4224 gitudinalis
352 4137 441 4226 (puae
458 4137 614 4204 direntioni
636 4135 722 4223 dujns
747 4135 844 4202 lineae
867 4131 1038 4224 respondet)
1067 4132 1087 4202 5
1105 4133 1175 4220 poli.
1194 4131 1282 4219 Par„
1299 4141 1469 4208 transversa

158 4256 257 4316 nutem
271 4243 337 4342 2¹l,
354 4251 423 4338 poli.
440 4247 514 4320 Par.
529 4251 687 4339 adaequat.
707 4247 753 4319 Er
770 4269 826 4338 quo
843 4258 932 4338 patet,
949 4250 1166 4318 extremitatem
1182 4249 1367 4337 superiorem
1382 4251 1470 4322 lienis

158 4361 299 4434 interiora
316 4371 346 4434 et
361 4365 527 4454 posteriora
544 4383 648 4433 uersos
678 4361 859 4458 (eodumnam
876 4363 1072 4432 uertebraiem
1087 4367 1222 4451 rersnr),
1254 4366 1469 4437 extremitatem

157 4493 229 4546 roro
240 4478 411 4549 inferiorem
424 4479 572 4548 anteriora
585 4489 616 4548 et
627 4481 774 4550 exteriora
786 4497 892 4548 sensns
904 4478 1143 4568 spectare-d.
1160 4477 1223 4548 iden
1235 4481 1469 4550 snooantoriatns

159 4592 223 4659 aire
234 4591 372 4682 giandnia
384 4596 430 4663 nio
441 4594 519 4664 diota
531 4595 795 4683 suprarenaiis.-
810 4595 844 4664 3.
861 4592 926 4662 iden
939 4595 1059 4662 sinister
1074 4612 1127 4681 per
1143 4593 1236 4662 hilum
1252 4603 1468 4681 pereamus.-

158 4703 195 4776 d.
210 4703 294 4778 corn
305 4709 493 4780 renio-5.
507 4707 589 4780 Vasa
605 4708 823 4780 nonalia-d.
841 4707 962 4778 Initium
980 4709 1109 4777 intestini
1119 4707 1213 4797 pejnni
1225 4727 1314 4796 prope
1326 4707 1468 4780 derorum

157 4819 447 4912 dnodeuojojunaiem
463 4826 527 4896 sire
542 4827 661 4896 tertiam
676 4833 844 4913 perseetnm
862 4833 892 4894 et
908 4821 986 4892 inter
1003 4823 1129 4892 laminas
1146 4823 1287 4892 mesoooii
1304 4827 1467 4892 transversi

158 4931 722 5030 (or''.)ineioonm.-7.8.intestinum
730 4941 924 5030 jejunum·
942 4936 1133 5009 etantanto
1146 4937 1276 5007 derosae
1287 4937 1468 5028 sigmoidaae

156 5069 247 5140 prope
262 5055 419 5124 uomitum
436 5055 655 5126 in'intestinum
688 5063 816 5142 reatum,
847 5062 996 5145 perseetn.
1034 5051 1127 5124 Coion
1152 5063 1366 5135 nnnsrorsom,
1390 5053 1468 5140 quod

159 5165 239 5236 nmio
254 5167 352 5238 littera
369 5169 555 5263 designatum
573 5178 631 5254 est,
651 5173 734 5241 ralde
749 5177 932 5242 eontraetnm
944 5177 974 5239 et
985 5175 1105 5260 propter
1117 5169 1239 5238 nimiam
1252 5165 1467 5258 longitudinem

156 5283 296 5352 meroeoii
308 5287 470 5354 transnersi
485 5289 516 5358 in
528 5307 649 5359 oeream
661 5287 753 5376 peinis
765 5287 828 5356 iere
840 5286 1003 5375 delapsum,
1019 5285 1097 5356 inter
1109 5283 1223 5354 litteras
1235 5277 1381 5352 o.a.a''’.
1390 5277 1464 5350 t”''.
