3682 6004
864 486 1111 554 ..42-

298 758 498 854 claramque
516 759 696 831 notionem
714 755 756 828 de
774 755 883 852 grado
902 753 1047 852 hujusce
1065 753 1306 827 inclinationis
1324 752 1446 848 pelvis.
1472 755 1547 848 qui,
1566 764 1608 848 ut
1629 780 1675 830 ex

298 873 584 972 inquisitionibus
611 872 764 969 Nacgale
787 881 822 944 et
838 873 984 943 fratrum
1002 870 1134 945 Weber
1152 881 1273 942 notum
1293 877 1358 949 est.
1378 870 1539 940 tto-65⁰
1554 869 1673 952 afficit.

297 991 470 1061 sectiones
496 1013 555 1084 per
574 989 701 1082 pelvim
719 986 902 1060 columnae
930 986 1168 1058 vertebrarum
1191 987 1326 1060 unitam
1357 985 1393 1056 in
1418 983 1676 1079 longitudinem

144 1133 154 1154 ·
299 1103 421 1176 <luctae
441 1100 553 1196 (conl.
573 1103 657 1176 lasc.
677 1105 760 1199 tt.)
793 1103 894 1174 nobis
912 1102 1110 1174 conferunt.
1147 1104 1311 1172 Attamen
1328 1110 1363 1171 et
1383 1100 1594 1172 sectionibus
1612 1125 1677 1172 no·

298 1219 378 1290 stris
396 1219 602 1290 transversis
618 1218 816 1305 inclinatio,
838 1225 969 1314 quauta
1002 1218 1048 1288 sit
1078 1214 1201 1310 pelvis,
1221 1226 1274 1286 sat
1291 1205 1472 1287 evidenter
1496 1214 1674 1310 probatur:

297 1332 391 1404 linea
421 1335 551 1407 etenim
579 1352 712 1414 recens.
750 1357 813 1428 per
831 1332 1028 1426 marginem
1057 1332 1271 1425 superiorem
1302 1340 1338 1400 et
1359 1339 1491 1424 partem
1525 1331 1677 1402 mediam

296 1447 491 1554 aympbysis
515 1449 624 1542 pelvis
641 1448 758 1528 ducta,
796 1447 867 1520 lere
885 1469 1021 1541 semper
1050 1445 1238 1516 incisuram
1258 1443 1481 1515 ischiadicam
1504 1445 1675 1518 minorem

297 1571 332 1634 et
353 1563 474 1634 tubera
496 1561 598 1634 iscbii
633 1562 802 1644 decuerat,
836 1562 970 1656 apicem
1005 1584 1088 1632 vero
1123 1561 1285 1655 coccygis
1313 1559 1490 1635 rarissime
1518 1561 1675 1654 attingit.

300 1677 412 1768 (conr.
431 1661 600 1765 ru.,so,
621 1680 683 1776 ει,
705 1681 753 1748 ss
772 1677 872 1776 ete).

344 1795 467 1866 Vesica
482 1791 652 1874 urinaria.
673 1803 735 1868 ‚ot
754 1791 847 1864 situs
870 1791 980 1886 ipeim
996 1788 1178 1869 variabilis
1201 1789 1328 1863 melius
1345 1787 1673 1883 comprehendatur,

295 1931 367 1980 uon
390 1907 504 1980 minus
534 1929 639 2003 quam
670 1907 871 1979 intestinum
891 1915 1038 1982 rectum.
1063 1904 1167 1976 mado
1186 1903 1288 1998 plena
1309 1915 1344 1975 et
1361 1904 1498 2000 liquore
1515 1917 1674 1988 extensa,

294 2023 400 2095 modo
428 2021 534 2094 vidua
564 2030 599 2093 et
627 2031 804 2094 contracta
824 2029 976 2116 persecta
995 2031 1088 2092 sunt.
1134 2020 1245 2106 Pllcas
1265 2021 1454 2113 peritonael
1475 2021 1676 2116 Douglasaii

296 2137 521 2233 (anteriorem
551 2149 583 2210 et
611 2138 852 2233 posteriorem)
890 2160 981 2233 quae
1015 2160 1152 2232 semper
1171 2135 1336 2208 intestina
1355 2138 1550 2218 continent.
1569 2134 1675 2209 simul

294 2277 374 2324 curn
390 2254 484 2327 bisce
502 2252 693 2326 visceribus
712 2251 908 2346 congelatis
926 2249 1146 2323 adumbravi.
1185 2251 1230 2321 Ut
1247 2274 1330 2321 vero
1348 2251 1476 2322 melius
1493 2249 1623 2322 limites
1640 2262 1677 2322 et

294 2369 407 2440 torma
433 2349 587 2464 ipsarum
607 2366 884 2461 conspiciantur,
921 2367 957 2437 in
985 2361 1166 2436 nonnullis
1183 2363 1393 2436 sectionibus
1413 2387 1512 2436 ansas
1542 2367 1675 2439 intesti-

294 2507 419 2554 norum
438 2482 517 2574 gelu
536 2491 674 2553 coactas
699 2480 882 2553 enucleavi
910 2487 1079 2552 etcareas
1096 2477 1268 2574 plicarum
1293 2479 1417 2550 viduas
1442 2479 1573 2553 ciliani.
1597 2484 1677 2553 Per·

294 2597 424 2668 multae
442 2598 560 2668 iconas
579 2607 711 2690 partem
732 2595 957 2690 prostaticam
976 2593 1137 2665 uretbrae
1149 2603 1183 2664 ct
1196 2593 1327 2665 collum
1344 2595 1479 2666 raucae
1498 2597 1676 2669 urinarlae

294 2710 477 2805 effingunt:
505 2711 538 2783 id
558 2711 650 2807 quod
668 2712 853 2805 praecipue
871 2709 914 2781 acl
932 2709 1101 2781 ambitum
1121 2721 1153 2780 et
1171 2721 1348 2803 aspectum
1367 2717 1552 2804 prostatae.
1572 2723 1679 2806 prout

294 2827 330 2898 in
348 2825 414 2897 bac
433 2825 488 2897 vel
519 2826 579 2898 illa
611 2824 756 2920 regione
788 2825 899 2920 pelvis
929 2825 1072 2896 minoris
1092 2835 1287 2896 transverse
1305 2824 1548 2918 perscinditur.
1573 2827 1676 2899 valde

293 2937 466 3012 diversum
486 2941 806 3020 demonstrandum,
839 2939 940 3011 nobis
958 2963 1045 3034 opus
1063 2948 1151 3012 erat.
1188 2936 1282 3012 Situs
1307 2939 1483 3011 vesiculae
1514 2944 1676 3035 prostati*

140 3065 144 3076 '
291 3078 352 3128 cae
370 3069 405 3127 et
422 3056 588 3128 ductuum
615 3054 938 3152 ejaculatoriorum.
975 3049 1204 3126 substantiam
1236 3062 1407 3148 prostatus
1425 3055 1527 3126 sicuti
1560 3057 1678 3150 perle-

291 3171 458 3252 rantium.
478 3195 582 3266 porro
601 3171 737 3242 diversa
757 3169 942 3266 longitudo
961 3171 1212 3242 diametrorum
1248 3170 1352 3262 ipsius
1382 3169 1605 3264 obliquorum
1640 3181 1677 3242 et

294 3266 495 3370 transversi,
528 3309 594 3358 nee
613 3311 682 3358 non
701 3291 789 3358 situs
816 3284 1055 3358 musculorum
1074 3295 1248 3381 prostatae
1265 3287 1460 3358 vicinorum
1479 3284 1575 3357 nulli
1592 3307 1676 3358 ana·

294 3399 423 3474 conica
441 3405 706 3497 praeparatione
733 3413 802 3473 tam
831 3403 900 3473 rite
919 3401 1081 3497 clareque
1107 3401 1310 3495 exponitur.
1338 3423 1445 3494 qoam
1462 3401 1675 3473 sectionibus

292 3517 420 3586 nostris
446 3521 663 3588 transversis.
700 3517 854 3588 Pcrbene
885 3517 1123 3587 demonstrant
1143 3539 1285 3611 quoqne
1300 3513 1471 3609 ejusmodi
1501 3519 1675 3590 sectiones

293 3629 608 3700 conformationem
626 3633 800 3724 situmque
819 3631 920 3724 spatii
940 3611 1137 3701 ischiorecti
1172 3639 1207 3698 et
1221 3631 1406 3724 praecipue
1424 3633 1525 3725 spatii
1544 3632 1674 3728 subpu-

296 3743 382 3826 bici,
410 3743 569 3815 musculo
595 3743 750 3816 levatore
768 3745 826 3816 ani
844 3745 996 3823 limitati.
1017 3743 1076 3838 qui
1096 3768 1198 3815 ansae
1217 3745 1325 3816 instar
1347 3748 1456 3832 (conf.
1476 3770 1511 3816 v.
1532 3769 1563 3820 c.
1583 3746 1671 3819 Tab.

299 3861 377 3946 17.)
397 3869 603 3952 promtam,
622 3860 825 3932 intestinum
843 3869 974 3932 rectam
1001 3867 1035 3931 et
1050 3858 1291 3955 labyrinthum
1308 3883 1477 3932 venosum
1494 3863 1672 3934 Santorini

294 3973 457 4046 includit.
1324 3981 1329 3990 '

342 4088 630 4184 ludegationibus
666 4090 815 4187 denique
850 4093 1044 4164 sectionum
1076 4101 1349 4164 transversarum
1385 4091 1496 4187 pelvis
1523 4079 1674 4163 constat:

295 4203 419 4276 Primo.
456 4205 604 4300 tlpicem
623 4205 696 4278 sive
716 4216 848 4301 partem
868 4207 1076 4279 anteriorem
1095 4200 1276 4303 prostitue·
1300 4227 1379 4277 cum
1409 4215 1517 4279 strato
1547 4205 1676 4278 libroso

293 4319 494 4400 masculari.
527 4320 621 4417 quorl
640 4332 774 4418 partem
798 4323 1098 4394 membranaceam
1131 4322 1294 4394 uretbrae
1318 4321 1576 4416 circumcingit.
1604 4331 1676 4394 tam

294 4433 415 4505 intime
433 4446 632 4509 contextum
651 4460 739 4516 esse.
758 4446 799 4508 ut
816 4437 976 4509 confiniis
995 4437 1167 4509 distinctis
1186 4446 1314 4508 careat.
1350 4436 1520 4508 Secunde.
1555 4435 1672 4530 (Cous.

293 4548 365 4623 tab.
389 4551 460 4644 18).
493 4552 657 4624 Canalem
685 4550 847 4624 uretbrae
874 4553 965 4622 circa
995 4561 1126 4645 partem
1153 4553 1373 4648 prostatlcsm
1405 4562 1580 4645 aspectum
1603 4573 1674 4624 non

293 4662 499 4736 circularem
525 4664 584 4737 scd
603 4671 717 4760 potius
734 4669 845 4738 rimae
862 4669 1095 4757 semilunaris,
1133 4677 1275 4763 propter
1302 4666 1533 4740 monticulum
1562 4668 1676 4738 aemi-

291 4777 422 4860 nalem.
443 4782 504 4875 qni
524 4787 557 4854 in
577 4804 718 4855 caveam
737 4782 900 4855 oretbrae
918 4763 1221 4878 prominet'(conl.
1243 4782 1331 4855 Teb.
1355 4783 1412 4876 17)
1431 4781 1574 4854 babere.
1593 4784 1676 4852 Ter·

293 4896 356 4966 tio.
374 4895 511 4967 Partem
530 4897 829 4972 membranaceam
865 4921 891 4970 s.
911 4899 1077 4972 isthmum
1094 4899 1258 4971 uretbrae
1276 4897 1318 4969 ab
1333 4898 1464 4992 angulo
1477 4897 1675 4993 sympbysls

294 5009 394 5104 pubis
425 5011 469 5081 ad
500 5013 514 5082 l
547 5011 632 5105 poll.
654 5013 731 5087 Par.
761 5015 901 5102 distare,
938 5017 1109 5109 situmque
1139 5016 1246 5095 bunc,
1270 5015 1437 5110 qnoniam
1455 5021 1570 5084 textus
1587 5012 1676 5110 liga·

295 5126 405 5197 menti
424 5124 648 5222 triangularis
665 5126 806 5198 orethra
825 5130 991 5224 perforati
1011 5153 1131 5225 parum
1162 5129 1302 5202 ductilia
1333 5129 1391 5212 sit,
1423 5128 1677 5201 immutabilem

293 5258 378 5314 esse.
426 5244 568 5329 Quarto.
589 5242 911 5316 eontormauonem
931 5255 1116 5340 prostatae.
1138 5257 1241 5341 prout
1258 5247 1400 5342 propius
1416 5237 1490 5317 bisi
1511 5253 1570 5316 aut
1587 5245 1680 5342 apici
