3704 6008
900 580 1142 652 -82-

333 771 519 842 ctissimam
539 792 624 844 asse.
644 769 809 842 Vesicalis
827 767 913 839 haec
944 775 1090 862 angusta
1121 761 1281 834 uretbrae
1315 763 1528 848 extremitas,
1549 761 1708 833 adinstar

333 885 539 958 infundibuli
558 888 593 958 in
613 886 739 958 collum
759 887 893 957 vesicae
911 882 1087 955 urinariaa
1105 881 1304 958 transitura.
1323 877 1437 948 subito
1462 877 1641 951 dilatatur.

381 1001 482 1086 Quod
502 1001 652 1098 deniqne
668 1011 854 1096 prestitam
875 1001 1010 1079 attinet.
1032 997 1265 1068 dimensiones
1284 1004 1318 1065 et
1335 1003 1493 1090 aspectus
1510 994 1618 1090 ipsius
1631 997 1708 1093 jam
1843 1039 1844 1100 5

334 1117 368 1189 in
387 1117 462 1188 aliis
480 1119 595 1212 operis
626 1118 735 1187 nostri
765 1116 940 1187 fasciculis
965 1114 1008 1185 ad
1023 1123 1167 1184 naturae
1197 1117 1378 1182 veritatem
1408 1109 1706 1184 adumbravimus.

332 1233 441 1322 (conf.
464 1233 563 1302 Fasc.
586 1233 622 1312 3,
642 1233 726 1302 Tab.
753 1233 892 1302 17-27
918 1241 953 1302 et
971 1235 1070 1301 Fasc.
1092 1230 1127 1298 3.
1149 1231 1205 1304 Β..
1224 1225 1311 1297 Tab.
1337 1223 1511 1314 l7-2l);
1535 1227 1591 1298 hic
1610 1252 1707 1300 nuno

333 1346 543 1419 monendum
576 1358 638 1417 est:
658 1349 703 1439 Ι1)
725 1349 866 1417 Limites
897 1347 999 1441 hujus
1030 1345 1152 1438 organi
1183 1340 1400 1412 solummodo
1430 1340 1590 1414 laterales
1623 1344 1709 1440 (lobi

334 1443 528 1560 prostatae⁸
545 1463 719 1556 laterales)
746 1473 781 1532 et
797 1463 1003 1554 posteriores
1035 1460 1139 1553 (basis
1174 1454 1358 1551 prostatus)
1392 1455 1484 1528 clare
1513 1482 1707 1555 expressos,

335 1580 524 1652 anteriores
542 1601 626 1648 vero
645 1588 714 1650 tam
735 1587 939 1650 extenuatos
970 1585 1108 1668 tamque
1140 1593 1220 1644 cnm
1252 1579 1346 1642 textu
1365 1571 1711 1651 fibroso-nrusculari

337 1701 446 1789 (parte
464 1693 724 1764 membranacea
743 1693 902 1763 urethrae
921 1692 1107 1786 perforato)
1127 1687 1294 1760 conllatos
1308 1697 1432 1759 esseut
1446 1689 1517 1761 lere
1530 1713 1711 1785 nunquam

336 1808 428 1878 clare
448 1807 677 1902 distincteque
696 1809 732 1880 in
752 1817 971 1900 conspectum
1002 1804 1156 1882 veniant:
1184 1802 1227 1872 ob
1247 1803 1334 1872 hanc
1364 1826 1502 1875 causam
1535 1803 1712 1876 interdum
1843 1823 1844 1826 ’

335 1925 447 2018 paries
477 1923 581 1993 modo
613 1924 758 1992 inferior
787 1921 948 1990 urethrae
967 1945 1072 2015 prope
1092 1920 1272 1990 transitum
1300 1920 1409 2015 ipsius
1427 1921 1461 1991 in
1480 1931 1612 2016 partem
1633 1947 1713 2017 pro·
1843 1923 1844 1958 ³

332 2041 491 2110 staticam
510 2049 682 2132 prostatae
700 2037 913 2130 superposita
936 2038 1103 2116 seruitum
1138 2034 1363 2106 nihilominus
1378 2045 1491 2106 tamen
1508 2039 1712 2132 neutiquam

335 2155 545 2231 dmussatio
567 2155 626 2248 qui
655 2164 840 2246 prostatam
873 2149 1024 2222 adinstar
1054 2149 1271 2222 semicanalis
1292 2151 1414 2244 parieti
1446 2152 1602 2224 inferiori
1633 2177 1714 2225 ure·

335 2271 431 2340 three
461 2271 654 2363 appositam
683 2293 755 2339 esse
786 2276 913 2345 censet.
951 2270 1110 2340 assentiri
1147 2290 1341 2360 possumus.
1371 2269 1546 2340 Sectiones
1574 2279 1716 2341 nostrae

336 2400 551 2459 transversae
570 2369 705 2478 semp‘cr
724 2395 856 2477 partem
876 2385 1040 2456 uretbrae
1060 2383 1245 2459 vernalem
1261 2383 1415 2479 undique
1433 2409 1453 2454 a
1476 2395 1628 2479 prostata
1647 2385 1715 2456 cir·
1843 2421 1844 2460 1

333 2501 563 2572 cumcinctam
583 2498 831 2569 demonstrant.
1843 2485 1844 2508 ³

383 2619 422 2702 2)
444 2615 709 2687 Distinctionem
728 2623 899 2708 prostetaa
918 2616 954 2686 in
971 2614 1071 2687 lobes
1087 2613 1250 2684 laterales
1262 2614 1459 2686 armedium
1479 2627 1624 2691 naturae
1642 2640 1715 2690 non
1843 2601 1844 2694 l

336 2753 407 2804 esse
426 2739 702 2801 consentaneam.
739 2729 1256 2823 luprestatsperssctanullos
1289 2729 1416 2800 limites
1450 2731 1575 2804 borum
1611 2735 1713 2806 lobo·
1843 2705 1844 2742 ³

335 2867 411 2916 rum
432 2844 610 2916 distinctos
633 2842 875 2922 observamusz.
890 2867 1027 2938 semper
1044 2843 1235 2915 substantia
1267 2843 1375 2938 ipsius
1402 2844 1543 2927 librosa.
1565 2849 1715 2943 'glandu-
1826 2899 1830 2910 -

334 2961 432 3040 laris,
450 2959 637 3037 uniformis
666 2957 844 3031 uretlrrann
876 2960 1130 3053 circumcingit.
1170 2958 1524 3042 Oueddolsustestius
1540 2975 1715 3058 prostatus
1843 3019 1844 3042 r

331 3074 375 3146 ab
392 3071 605 3146 Auctoribus
636 3081 782 3145 vocatur
802 3076 851 3158 (in
873 3081 1225 3166 provectiorevsetate
1256 3093 1325 3144 non
1353 3098 1432 3146 raro
1455 3075 1714 3176 bypertrophia
1843 3077 1844 3140 ἓ

332 3189 543 3283 correptus),
564 3187 614 3258 nil
634 3187 729 3261 aliud
747 3196 799 3260 est
816 3189 882 3258 nisi
904 3211 1022 3282 margo
1042 3190 1212 3282 posterior
1229 3199 1290 3260 aut
1306 3190 1398 3260 heia
1411 3203 1583 3285 prostatus
1603 3218 1715 3292 propa

333 3303 507 3379 orificium
527 3301 676 3374 vesicula
695 3302 856 3379 urctbraa
875 3303 912 3380 in
927 3327 1067 3378 caveam
1086 3306 1222 3376 nasim
1250 3305 1425 3376 uri-asiae
1455 3306 1651 3404 propulsus.
1673 3315 1713 3382 ln

334 3416 546 3488 sectionibus
577 3417 680 3509 hujus
710 3421 920 3510 orgenipcs
938 3418 1193 3512 longitudinem
1221 3417 1333 3489 ductis
1363 3421 1453 3495 basis
1485 3433 1661 3515 prostatus
1679 3430 1715 3498 in

335 3554 475 3602 caveam
495 3531 628 3602 vesicae
647 3530 829 3624 propulsus
848 3531 981 3606 sallum
1003 3533 1102 3626 quusi
1119 3533 1200 3604 -siue
1227 3535 1448 3605 eminentiam
1474 3541 1714 3613 acuminatam
1843 3567 1844 3596 ¹

338 3647 465 3716 format
487 3650 615 3736 (comp.
638 3643 696 3736 fig,
722 3647 778 3718 12.
803 3646 860 3722 13,
886 3647 941 3736 ld)
963 3656 996 3717 et
1015 3670 1076 3740 pro
1094 3649 1228 3716 vulvula
1244 3649 1293 3717 sic
1311 3649 1400 3720 dicta
1418 3653 1572 3743 pylorica
1585 3661 1717 3728 vesiana

337 3784 365 3830 s.
387 3757 669 3830 vesicouretbrali
699 3756 755 3848 (ab
776 3761 973 3833 Amussntio
999 3771 1033 3832 ct
1050 3761 1220 3834 Merciero
1234 3761 1417 3858 descripta)
1446 3767 1567 3840 baberi
1582 3773 1712 3865 potest.

338 3875 504 3948 Dilatatio
524 3873 578 3943 vel
597 3873 722 3946 ectasin
759 3873 918 3947 morbosa
936 3875 1077 3946 utriculi
1096 3885 1269 3969 prostatus
1295 3877 1399 3970 (steri
1415 3879 1630 3976 masculini),
1654 3888 1716 3984 qui
1843 3875 1844 3920 Ὗ

336 3990 400 4064 snb
419 3988 584 4063 colliculo
602 3989 762 4065 seminali
783 3991 1024 4066 insubstantia
1042 4001 1211 4083 prostatus
1229 3993 1465 4080 conditssest,
1481 3999 1587 4070 etlam
1605 4003 1718 4074 inter·
1843 4055 1844 4060 η

336 4107 431 4190 durn,
454 4116 491 4174 ut
509 4111 664 4196 apparet,
685 4125 746 4196 pro
765 4102 846 4182 labe
865 4106 969 4181 tertio
987 4115 1158 4198 prosena
1182 4104 1339 4181 babetnrs

383 4218 576 4293 Glandulae
602 4218 850 4311 Cowperianae
876 4243 906 4290 s.
932 4230 1103 4313 prostatus
1135 4221 1315 4293 inferiores
1341 4225 1595 4325 adstruatque
1620 4231 1716 4304 latus
1843 4305 1844 4310 ,

335 4333 442 4428 partis
473 4333 751 4407 membranaceae
783 4333 943 4414 urethrae
974 4337 1101 4428 pariter
1119 4360 1160 4406 ae
1178 4334 1340 4428 glandula
1360 4339 1665 4436 Gowperiltertla·
1683 4373 1714 4420 s.
1843 4335 1844 4346 ἵ

336 4447 559 4540 antiprostata
593 4447 774 4540 paululum
805 4457 882 4540 post
898 4447 1042 4520 bulbum
1066 4450 1151 4518 sitae
1169 4460 1205 4520 ct
1222 4452 1359 4544 capsula
1379 4453 1505 4526 fibrosa
1520 4458 1583 4551 (ex
1602 4458 1717 4534 fascia
1843 4451 1844 4522 l

338 4561 492 4657 perinaei
508 4560 618 4631 media
638 4561 825 4655 profunda)
853 4564 1062 4640 munitae-iu
1080 4563 1290 4635 sectionibus
1316 4570 1442 4641 sostris
1455 4575 1643 4646 rarissime
1662 4575 1715 4647 di·
1843 4619 1844 4634 κ

335 4677 460 4747 stincte
490 4686 655 4768 apparent
676 4685 711 4746 et
728 4676 816 4748 banc
831 4676 886 4748 ·ob
905 4699 1043 4754 causam
1069 4677 1103 4747 in
1122 4679 1280 4751 iconibus
1305 4682 1444 4762 nostris.
1473 4707 1563 4779 quaa
1589 4708 1718 4763 omncs
1843 4749 1844 4770 i

341 4800 455 4882 partas
472 4789 671 4883 congelatas
689 4790 871 4883 effingunt,
890 4813 960 4865 non
977 4801 1058 4865 sunt
1073 4791 1309 4866 adumbratae.
1843 4777 1844 4810 ³

388 4905 566 4979 Sestianas
591 4905 750 4976 urethraa
767 4905 813 4976 ed
830 4929 909 4984 eum
927 4906 1032 4980 linem
1058 4905 1228 5000 inceptae,
1247 4919 1289 4978 ut
1302 4911 1419 4980 omnia
1446 4913 1714 5007 impedimenta,

339 5043 427 5116 quoe
446 5017 637 5112 ‚Chirurgus
653 5018 867 5095 catheterum
884 5022 919 5092 in
937 5021 1085 5092 vesicam
1104 5024 1293 5094 urinariam
1313 5025 1534 5099 introducens
1551 5033 1714 5116 offendit,

338 5135 601 5230 perlustrentur:
623 5137 779 5226 quinquo
794 5133 920 5209 borum
939 5136 1124 5228 praecipua
1149 5136 1396 5210 demonstrant.

388 5251 419 5345 t)
440 5249 478 5322 ln
499 5249 628 5348 pariete
647 5247 814 5323 inferiore
832 5249 939 5342 pastis
957 5249 1119 5324 bulbosns
1144 5251 1318 5333 uretbrae,
1346 5273 1436 5348 quas
1460 5260 1591 5331 saeculi
1618 5263 1714 5335 adin·
