3682 6004
120 805 197 878 Tab.
219 803 276 898 12)
293 821 381 874 vene
397 798 497 872 iliaca
516 813 657 876 esterna
674 827 743 874 non
760 803 802 876 ad
821 806 1152 878 interamnates
1176 806 1282 893 lacre,
1312 811 1373 884 sad
1391 813 1480 888 sicat

120 921 202 990 inira
217 919 325 1012 ipsum
337 914 524 986 decurrens
534 917 763 1012 appareretsi
775 928 988 1010 segmentum
1000 919 1175 1000 sectionis,
1193 923 1286 1020 quod
1298 927 1375 996 icon
1390 929 1479 998 lint

120 1033 244 1126 effingit
261 1030 332 1124 (lig.
357 1033 372 1099 1
394 1037 429 1100 et
448 1031 519 1126 ta).
540 1031 583 1102 ed
600 1029 880 1125 perpendiculum
897 1042 976 1104 ante
993 1055 1056 1106 nos
1084 1037 1234 1128 positam
1265 1041 1473 1137 contempla·

119 1171 238 1220 remor.

160 1262 331 1346 Quoniam
349 1261 385 1330 in
406 1260 562 1334 vinotnra
579 1259 783 1338 alariarum
801 1259 980 1334 iliaearum
1002 1260 1207 1336 intiment·
1239 1268 1478 1362 gravissim

117 1386 166 1448 est
180 1375 299 1450 locum
320 1373 498 1448 incisionis
521 1373 665 1470 eligere,
681 1374 741 1452 nbi
759 1375 994 1470 peritonaeum
1016 1399 1036 1448 a
1054 1379 1181 1470 pariata
1199 1379 1476 1456 abdominalitr·

116 1489 241 1562 eillime
257 1489 393 1584 sejungi
411 1491 530 1583 possit,
551 1511 657 1583 quum
675 1513 778 1583 porro
808 1497 912 1562 strata
943 1491 1126 1586 praecipua
1145 1494 1307 1566 tandinea
1322 1495 1477 1577 abdoani·

118 1608 170 1678 nia
185 1605 385 1700 peritonaeo
407 1603 598 1681 arcdssirm
617 1603 749 1678 11111111
770 1605 853 1687 siat,
884 1604 921 1680 in
949 1604 1164 1680 sectionibus
1178 1607 1330 1705 obliquis
1346 1619 1477 1682 certam

116 1717 312 1794 distantiam
340 1719 609 1814 aponenroainm
625 1743 645 1790 a
663 1721 799 1813 punctis
828 1719 1104 1815 prominentibu
1133 1725 1262 1794 ossium
1292 1723 1402 1818 pelvis
1424 1724 1479 1820 1111

116 1833 247 1908 lucilius
278 1834 530 1929 invenirentur)
561 1831 737 1920 adnotavi,
768 1843 873 1910 strata
900 1835 1149 1916 naucularum·
1177 1861 1265 1932 quae
1285 1839 1330 1910 ad
1346 1841 1474 1932 perito-

115 1969 238 2022 naenm
255 1948 499 2022 denudandum
517 1948 730 2032 inciduntur,
751 1947 931 2044 mulnlura
947 1949 1080 2024 dimovi
1098 1959 1150 2039 lot
1166 1952 1293 2026 limites
1318 1953 1473 2048 ipsorum

114 2062 239 2136 clariss
257 2063 533 2162 inconspectum
550 2064 719 2159 venirent)
745 2075 848 2160 atque
864 2066 974 2158 spatia
992 2064 1158 2140 nebulosa
1173 2067 1354 2154 nonnulla,
1387 2087 1477 2165 qaae

115 2176 363 2270 sejunctionem
386 2177 488 2271 bajus
506 2177 725 2249 membranae
742 2201 760 2246 a
779 2177 934 2272 partibas
954 2179 1078 2252 vicinis
1098 2181 1290 2254 saoiberenr
1317 2182 1478 2264 reddunt,

114 2301 228 2362 ennete
250 2290 490 2363 determinavi.
513 2293 577 2362 Ex.
599 2315 651 2386 gr.
669 2291 705 2362 in
722 2290 782 2386 lig.
802 2292 837 2366 3.
858 2291 945 2366 Τ111.
968 2293 1111 2365 tt-ts
1129 2297 1233 2366 sectio
1251 2295 1391 2392 obliqua
1407 2295 1478 2391 pel·

115 2405 372 2500 visregionem,
405 2429 494 2501 qnae
525 2405 568 2476 ad
596 2408 791 2478 vincturam
820 2408 968 2478 arteriae
997 2407 1119 2480 iliacae
1147 2420 1310 2482 externae
1341 2410 1478 2483 etadeo

115 2521 223 2590 trunci
245 2543 299 2590 aa.
322 2521 501 2592 iliaearum
518 2521 710 2591 eommunis
723 2519 971 2593 instituendam
989 2521 1166 2617 aptissime
1179 2535 1242 2612 est,
1258 2527 1371 2598 stratis
1388 2547 1480 2596 mus·

113 2634 270 2704 culorum
289 2647 324 2704 et
341 2639 607 2730 aponeurosium
625 2638 778 2722 dimotis,
798 2648 878 2711 ante
894 2639 1013 2711 oeulos
1033 2641 1142 2736 ponit.
1173 2642 1256 2712 Tab.
1281 2645 1338 2721 12,
1362 2641 1419 2736 lig.
1440 2644 1476 2728 2,

112 2750 259 2838 spatium
278 2749 482 2822 cellulosum
512 2750 555 2847 (l)
586 2753 620 2823 in
641 2752 769 2848 angulo
794 2754 977 2848 juncturae
1006 2756 1189 2827 fasciarum
1214 2765 1426 2827 transversae
1444 2768 1480 2826 et

114 2861 236 2934 iliacae
254 2865 357 2935 situm
377 2874 479 2959 atque
497 2865 638 2961 oblique
656 2877 848 2961 perseetum
866 2867 1159 2949 adumbratr-ad
1176 2871 1370 2940 vinctorem
1388 2878 1476 2939 arte·

111 2977 180 3050 riae
198 2978 325 3050 iliacae
343 2990 504 3051 externae
521 2980 762 3075 applicandam
792 2980 926 3076 pingam
956 2982 1134 3076 obliquam
1167 2981 1369 3076 (ligamento
1389 2985 1475 3053 Pon·

112 3093 212 3184 partii
233 3092 447 3190 parallelum)
466 3095 513 3166 ita
529 3095 685 3190 inlligerc
697 3095 839 3178 suadeo,
858 3104 898 3166 nt
910 3097 1055 3192 angulus
1071 3097 1179 3189 ipsius
1191 3107 1352 3166 externus
1366 3096 1477 3187 spatio

111 3203 189 3278 huic
206 3206 376 3280 cellnloso
394 3209 612 3303 respondeat,
632 3211 761 3282 etenim
779 3211 1015 3304 peritonaeum
1033 3210 1067 3280 in
1084 3220 1178 3303 parte
1195 3210 1348 3281 vulneris
1366 3221 1476 3281 exter·

111 3342 153 3390 na
169 3331 248 3394 tuto
266 3321 459 3394 denudatur
476 3333 511 3394 et
528 3321 738 3396 denudatum
756 3321 860 3394 lacile
876 3323 1081 3419 sejungitur:
1108 3323 1200 3418 quod
1217 3327 1356 3420 propria
1374 3347 1475 3419 expe·

112 3435 240 3508 riontia
257 3436 397 3510 edoctus
414 3437 599 3510 contendo.

156 3549 345 3622 Vinculum
365 3553 503 3624 arteriis
519 3551 632 3624 iliacis
649 3551 720 3622 lere
750 3573 887 3646 semper
914 3574 1016 3648 supra
1038 3551 1150 3624 locum
1170 3553 1348 3625 incisionis
1367 3555 1476 3648 appli-

111 3672 226 3748 catur,
244 3687 325 3736 nam
343 3687 413 3736 non
439 3689 557 3738 omnes
587 3665 728 3762 parietis
757 3665 950 3736 abdominis
980 3665 1138 3761 regiones
1168 3667 1330 3739 incisioni
1360 3679 1473 3763 aptae,

111 3777 169 3848 sed
186 3781 227 3851 in
244 3779 421 3852 nonnullis
438 3781 563 3852 vulnus
580 3789 719 3875 propter
736 3779 873 3850 laeilem
891 3779 1079 3874 peritonaei
1100 3780 1290 3854 laesionem
1307 3781 1476 3877 periculo·

112 3915 187 3966 aum
203 3904 270 3966 est.
289 3897 357 3968 lix.
376 3918 429 3990 gr.
451 3895 629 3991 eregicne
647 3893 760 3965 burrei
779 3893 873 3965 iliaci
891 3895 1082 3968 eommunis
1100 3895 1225 3991 vagina
1243 3894 1476 3969 musculorum

114 4009 300 4082 lleetorum
329 4009 522 4082 abdominis
551 4019 586 4080 et
612 4009 704 4080 linea
733 4008 951 4082 semilunaris
983 4010 1126 4106 Spigelii
1158 4011 1395 4106 (apanenrosis
1426 4035 1474 4082 m.

113 4126 314 4196 Transversi
332 4125 539 4222 abdominis)
558 4125 688 4219 positae
713 4133 805 4202 sont:
838 4133 951 4218 partes
975 4133 1090 4195 autem
1108 4123 1173 4194 bae
1198 4123 1380 4196 tendineae
1398 4147 1476 4195 eam

113 4239 315 4330 peritonaeo
332 4251 402 4314 tam
420 4240 528 4312 solide
557 4239 755 4318 cohaerent,
788 4247 830 4309 nt
856 4239 931 4310 sine
961 4239 1112 4310 laesione
1130 4239 1237 4332 ipsius
1255 4239 1316 4309 vix
1342 4237 1476 4332 sejungi

113 4353 263 4440 possint.
295 4355 472 4427 Sectiones
499 4377 583 4424 vero
612 4353 722 4448 pelvis
751 4351 912 4449 obliquae
931 4355 1164 4446 etpsrlocnm
1185 4356 1306 4446 ipsum,
1334 4355 1477 4422 arterias

113 4469 175 4537 ubi
194 4469 363 4540 viaculum
380 4471 533 4564 injicitur
550 4467 656 4562 (coni.
677 4468 762 4540 Tab.
785 4469 843 4550 13,
864 4467 923 4563 lig,
958 4472 990 4542 l.
1016 4467 1101 4539 Tab.
1125 4468 1280 4546 ll-lb,
1298 4467 1358 4562 fig.
1384 4469 1415 4547 l,
1437 4457 1475 4560 ⁶2)

113 4583 496 4678 etparloearriplegaa,
528 4607 616 4679 quae
645 4584 768 4678 parieti
797 4581 991 4654 abdominis
1020 4582 1064 4655 ad
1093 4583 1237 4652 arterias
1254 4580 1476 4653 denudandae

114 4695 294 4791 inlligitur.
317 4701 433 4788 (Conl.
452 4698 538 4770 Tab.
560 4699 616 4784 12,
639 4696 698 4792 lig.
722 4699 753 4768 l.
785 4697 870 4768 Tab.
906 4697 961 4787 13,
995 4697 1054 4793 lig.
1075 4701 1111 4777 2,
1132 4695 1217 4768 Tab.
1239 4691 1471 4788 tt-15‚'fig.

114 4811 150 4899 3)
170 4809 308 4894 ductae,
328 4813 462 4886 diversa
481 4823 605 4907 puncta
625 4811 762 4907 parietis
778 4811 984 4893 abdominis,
1007 4823 1075 4881 tam
1091 4810 1284 4907 operationi
1298 4812 1475 4880 vincturae

114 4927 292 5019 aptissima
311 4927 409 5022 (Tab.
433 4931 477 4998 12
494 4938 529 5000 et
546 4928 604 5010 13,
624 4925 682 5022 lig.
703 4927 845 5000 22111.
869 4927 1021 5007 ld-lb,
1053 4927 1113 5020 lig.
1140 4927 1192 5018 3),
1212 4949 1314 5021 quam
1335 4949 1474 5018 prorsus

115 5039 233 5135 inepta
251 5043 349 5132 (Tab.
372 5046 429 5116 13.
448 5041 535 5115 Tab.
556 5044 713 5130 11-15,
733 5041 792 5136 fig,
818 5045 851 5126 l,
870 5039 907 5135 2)
927 5051 1046 5112 exacte
1064 5049 1333 5137 repraesentant.

163 5153 206 5226 ln
222 5143 379 5230 vinctura
408 5159 612 5231 arteriarum
641 5155 818 5232 iliaearum
849 5156 977 5251 digitus
1004 5156 1164 5250 Chirurgi
1198 5155 1474 5250 peritonaeuma

115 5267 284 5420 partibpa,
304 5272 428 5428 epaphus
444 5273 618 5357 adhaeret,
654 5271 836 5367 sejungens
854 5271 1105 5346 convexitatem
1122 5271 1212 5342 sacci
1230 5268 1473 5428 peritorpaealis

246 5385 300 5426 aaa.
374 5413 382 5430 .
