3666 6002
930 642 1168 712 ...pp-

415 831 594 920 Soperlioies
612 848 739 898 contem
759 827 871 916 hepatis
888 825 1104 917 diaphragmati
1117 827 1294 895 adhaerens.
1311 864 1359 878 -
1372 826 1406 895 lc.
1424 825 1558 915 Spatium
1578 832 1729 922 ligamento

413 946 673 1034 luepotodoodeoali
702 956 732 1012 et
761 943 843 1010 solco
860 951 1029 1011 transverso
1058 942 1173 1032 hepatis
1202 943 1395 1032 respondens.
1420 981 1464 992 -—
1487 941 1510 1012 l.
1535 941 1621 1014 Vena
1639 957 1728 1035 porto·

413 1084 492 1130 rutro.
514 1099 554 1112 -
577 1085 621 1129 m.
642 1083 675 1132 o.
697 1057 812 1127 Doctus
830 1057 1027 1126 choledocltus
1044 1070 1073 1126 et
1091 1061 1200 1128 arteria
1218 1059 1367 1147 hepatica.
1387 1095 1437 1110 -
1454 1079 1486 1128 o.
1512 1057 1589 1129 Pars
1607 1063 1731 1149 pylorioa

412 1178 568 1246 uentriculi
587 1187 666 1268 etp.
689 1173 817 1242 Valoula
837 1173 980 1261 pplorioa.
1002 1211 1049 1225 -
1067 1195 1100 1263 p.
1134 1171 1210 1243 Pars
1227 1182 1396 1243 transuersa
1414 1177 1550 1262 superior
1568 1187 1599 1243 ct
1615 1179 1730 1246 deseen-

410 1294 482 1360 dens
501 1291 627 1361 duodeni
645 1298 675 1360 et
691 1288 838 1358 orilicium
856 1289 961 1356 ductos
992 1288 1175 1370 cheledonii,
1210 1289 1287 1377 quod
1306 1291 1335 1356 in
1352 1299 1436 1377 parte
1453 1289 1650 1360 descendente
1666 1295 1729 1361 doo-

409 1411 478 1477 deni
497 1411 569 1478 hiat.
591 1445 638 1460 -
656 1427 689 1496 p.
710 1427 743 1496 p.
771 1403 900 1472 Flenura
917 1405 1046 1472 secunda
1066 1405 1237 1474 duodenis.
1259 1405 1402 1473 transitus
1420 1407 1513 1492 partis
1530 1405 1730 1474 descendentis

408 1526 437 1592 in
456 1533 568 1611 partem
585 1533 786 1591 transuersam
805 1521 989 1589 interiorem.
1010 1559 1059 1570 -
1076 1543 1106 1589 r.
1139 1517 1231 1589 Colon
1256 1531 1472 1589 transversum.
1493 1558 1542 1573 -··
1559 1543 1727 1591 s.s.s.s.s.

408 1639 513 1708 Aosae
529 1640 736 1707 intestinorum
754 1638 900 1705 tenuium.
920 1673 970 1687 -
987 1649 1010 1703 t.
1034 1634 1099 1704 llen
1117 1635 1217 1704 denter
1235 1656 1287 1723 per
1305 1657 1326 1702 o
1345 1633 1437 1703 ltilum
1455 1646 1625 1723 perseotus.
1642 1659 1726 1704 -n.

409 1751 489 1822 Vasa
518 1753 644 1824 naualia.
665 1790 711 1804 -
731 1775 772 1820 w.
805 1749 926 1820 luitinm
958 1755 1084 1818 oreteris
1115 1751 1223 1819 dextri.
1244 1789 1292 1800 —
1309 1773 1347 1820 a.
1379 1747 1506 1838 Capsulo
1531 1751 1729 1840 suprarenalis

406 1871 522 1939 dextro.
540 1906 590 1921 -
607 1890 642 1959 p.
663 1864 788 1938 Arteria
807 1867 894 1936 iliaca
911 1876 1031 1935 esterna
1049 1879 1128 1935 etz.
1148 1863 1234 1936 Vena
1252 1867 1339 1934 iliaca
1357 1866 1458 1936 dextra
1474 1875 1609 1935 externe.

404 2090 525 2160 'l'tum
549 2091 624 2161 ss.
641 2087 726 2158 Duas
743 2086 893 2156 sectiones
921 2106 974 2174 per
1003 2087 1171 2155 musculum
1202 2085 1329 2156 Rectum
1359 2085 1525 2156 abdominis
1549 2087 1685 2156 dextrum
1702 2097 1728 2154 et

356 2245 408 2312 por
427 2221 680 2313 uppocuoourtom
698 2223 833 2291 dextrum
851 2221 880 2289 in
898 2219 1111 2314 longitudinem
1129 2222 1232 2290 ductas
1249 2219 1416 2289 adomlrat.

355 2441 380 2510 1²
384 2441 432 2534 ig.
459 2443 490 2513 l.
510 2442 612 2512 Scotto
628 2462 682 2532 per
698 2442 864 2510 musculum
891 2440 1016 2510 Rectum
1030 2441 1196 2510 abdominis
1214 2443 1361 2522 dextrum,
1381 2442 1415 2510 ad
1438 2443 1452 2509 l
1475 2441 1544 2530 poll.
1565 2437 1641 2510 Par.
1660 2440 1723 2508 etl

400 2575 454 2642 lio.
476 2593 492 2640 a
512 2577 647 2668 margine
666 2573 759 2664 ipsius
779 2585 912 2655 esterno,
935 2575 963 2641 io
981 2573 1193 2664 longitudinem
1213 2576 1310 2642 ducta.

447 2789 581 2862 Cadaver
597 2793 725 2862 leminea
748 2791 791 2863 30
811 2813 955 2863 annorum
975 2807 1039 2882 post
1055 2805 1171 2884 partum
1200 2805 1348 2864 mortuae.
1383 2791 1493 2864 Nullae
1519 2797 1722 2883 corruptiones

399 2911 559 2998 organicae
577 2911 607 2976 in
624 2911 792 2978 uisceribus
811 2911 940 2979 thoracis
957 2924 986 2979 et
1004 2911 1182 2980 abdominis.
1204 2909 1346 2978 intestina
1370 2913 1485 2978 adreel
1502 2905 1593 2978 lluido
1611 2911 1721 2978 modice
1814 2983 1815 3002 p

397 3032 529 3094 ostensa.
549 3022 742 3094 Ventriculus
760 3027 821 3094 lere
839 3046 949 3096 vacuus
968 3038 998 3095 et
1015 3036 1195 3095 contractos.
1229 3023 1401 3094 lllesoooloo
1419 3035 1624 3092 transversum
1640 3025 1721 3094 raldo

396 3139 531 3230 longum,
553 3150 711 3212 curvatura
730 3141 864 3230 hepatioa
882 3143 1118 3226 colitraosoersi
1137 3144 1225 3209 etiam
1243 3140 1330 3230 longa
1350 3139 1550 3229 llexuosaqoe.

447 3357 641 3449 Segmeutum
662 3361 804 3431 sectionis
822 3364 970 3432 dextrum.
992 3399 1040 3415 ·-
1059 3361 1100 3430 A.
1133 3361 1285 3452 Cartilago
1314 3371 1415 3428 costae
1434 3359 1489 3430 pas
1507 3359 1630 3428 dextrae
1647 3360 1718 3428 aut

393 3473 463 3559 poll.
486 3471 556 3543 Par.
578 3485 607 3544 et
625 3475 646 3544 9
666 3475 721 3544 lin.
742 3480 911 3566 ajnocturo
938 3499 1006 3546 eom
1025 3486 1124 3544 sterno
1141 3487 1290 3564 persecta.
1311 3511 1356 3525 -
1376 3472 1419 3540 B.
1453 3471 1637 3542 Extremitas
1654 3493 1717 3543 uer·

381 3563 515 3656 'teloniis
534 3599 634 3658 costae
656 3593 732 3658 ll·e
754 3594 790 3660 ad
813 3595 823 3660 l
851 3593 922 3680 poll.
944 3605 972 3660 et
986 3593 1007 3660 d
1023 3593 1061 3659 lio
1097 3589 1168 3658 Par.
1192 3591 1228 3657 alo
1246 3590 1372 3658 articulo
1389 3587 1633 3658 oostouorteltrali
1650 3609 1713 3678 per·

392 3715 485 3769 secta.
508 3742 553 3754 -
575 3703 612 3773 C.
634 3703 681 3774 D.
701 3703 868 3776 Processos
886 3710 1046 3776 transversi
1065 3707 1268 3775 vertebrarum
1288 3705 1455 3774 lumborum
1474 3705 1528 3772 3¹⁰
1546 3715 1576 3772 et
1595 3705 1714 3773 5¹⁰.-

390 3815 433 3884 Ε.
470 3818 558 3886 Bosis
575 3821 651 3887 ossis
669 3823 750 3890 seori
767 3823 802 3890 ed
826 3826 860 3890 ll
886 3825 940 3892 lio.
975 3821 1047 3890 Par.
1080 3843 1096 3890 a
1129 3823 1282 3910 symphysi
1308 3821 1712 3908 saoroiliaoaperseoia.-

391 3931 446 4000 d'.
468 3933 521 4000 A'.
547 3933 599 4002 Α’.
624 3934 757 4026 (siguum
777 3935 785 3966 '
807 3939 835 4004 io
856 3939 939 4006 icone
959 3959 1010 4025 per
1028 3957 1159 4005 errorem
1183 3940 1357 4022 omissum).
1374 3935 1421 4005 Μ.
1452 3935 1563 4004 Rectus
1580 3937 1712 4005 abdomi·
1804 3976 1805 3991 κ

388 4050 434 4112 nis
453 4049 553 4116 denter
572 4070 638 4117 oum
657 4051 751 4118 tribus
770 4055 1010 4138 inscriptionibus
1029 4055 1187 4120 teodioeis.
1209 4089 1250 4102 -
1272 4050 1326 4118 tt’.
1350 4048 1494 4141 (siguom'
1513 4052 1543 4118 in
1559 4052 1645 4120 icone
1661 4051 1710 4118 de·

387 4183 444 4230 nuo
462 4161 634 4254 omissum).
666 4161 714 4233 M.
746 4165 841 4234 Psoas
873 4169 966 4255 major
984 4169 1097 4235 denter.
1118 4204 1166 4216 -
1185 4190 1218 4234 o.
1240 4187 1271 4234 o.
1306 4165 1405 4234 Lobos
1424 4167 1546 4232 inlerior
1563 4165 1708 4252 pulmonis
1802 4170 1803 4191 ¹

386 4275 492 4345 deutri.
514 4315 560 4328 -
579 4277 611 4346 d.
632 4277 747 4347 Saccus
765 4283 936 4368 pericardii,
971 4283 1142 4350 exsudatum
1171 4301 1304 4348 serosum
1325 4283 1490 4348 continens.
1510 4315 1560 4329 —
1575 4299 1605 4346 c.
1626 4302 1657 4347 e.
1677 4301 1704 4344 c.
1801 4262 1802 4289 ¹

388 4387 604 4482 Diaploragma.
625 4432 675 4447 -
692 4395 726 4464 tl.
747 4393 923 4488 Ligamenta
943 4401 1164 4486 suspensonium
1185 4409 1214 4464 et
1231 4395 1387 4464 rotundum
1406 4396 1617 4484 hepatis-o.
1634 4417 1661 4464 e.
1677 4415 1703 4462 e.

385 4503 509 4574 Lamina
540 4509 704 4596 peritooooi
734 4513 887 4598 parietalis
917 4509 1343 4581 anterior.-o”.lnlle1io
1372 4511 1500 4577 laminae
1529 4509 1703 4596 peritonaoi,

383 4641 459 4708 quae
478 4625 666 4710 superficiem
685 4641 844 4696 contexam
862 4629 977 4717 hepatis
1007 4631 1126 4696 investit
1143 4635 1172 4694 at
1188 4627 1225 4693 ad
1244 4624 1439 4714 ligamentum
1457 4643 1635 4693 coronarum
1653 4623 1704 4691 he-

381 4737 456 4820 patis
474 4737 658 4810 iormandom
677 4743 812 4812 inseruit.
829 4781 876 4795 —
891 4742 955 4813 e'''.
977 4743 1100 4812 inflexio
1116 4742 1279 4830 peritooaoi
1297 4741 1374 4806 inter
1391 4739 1578 4826 superficiem
1597 4755 1701 4805 conca·

381 4872 445 4917 rouo
466 4851 579 4940 hepatis
597 4866 731 4945 etsopra
750 4879 771 4944 p
788 4880 823 4945 p.
851 4868 969 4950 portem
1001 4859 1161 4946 pylorioam
1193 4857 1359 4935 ventriculi,
1391 4873 1483 4942 prope
1513 4853 1702 4943 ligamentum

380 4963 662 5052 hepatodoodenale.
679 5007 721 5022 -
741 4970 816 5040 e'’'’.
835 4971 911 5044 e’'’'.
933 4971 1111 5042 ludeniones
1129 4973 1256 5040 laminae
1271 4971 1435 5059 peritonoei
1458 4973 1545 5056 (quae
1559 4957 1700 5055 parietem

378 5081 558 5148 anteriorem
588 5081 681 5170 pyloni
713 5085 859 5180 investit),
892 5092 920 5158 in
945 5093 1086 5178 parietem
1106 5089 1284 5156 anteriorem
1303 5086 1413 5152 omenti
1431 5085 1552 5172 molonis
1572 5081 1635 5170 (gl.
1654 5115 1697 5131 -

378 5218 393 5258 e
398 5191 454 5222 '''''
460 5246 469 5262 .
490 5193 614 5263 indatio
633 5199 754 5284 parietis
773 5201 1104 5294 lumbulisperitonaei,
1138 5201 1467 5290 quaeadlormandum
1488 5199 1698 5266 mesonterium

375 5319 405 5374 et
421 5311 588 5376 mesocolon
608 5314 772 5382 ascendens
790 5317 923 5388 inseruit.
947 5359 988 5373 -
1011 5341 1066 5388 ee.
1091 5315 1216 5386 lollenio
1231 5316 1405 5404 peritonaei,
1429 5319 1473 5402 (nt
1489 5329 1580 5381 caten
1606 5329 1692 5400 porra
