3736 6008
342 717 544 812 oesophagnm
561 717 669 808 injusto
693 739 750 790 non
772 721 856 790 vaide
874 723 1003 796 artemi.
1030 719 1162 792 Mmeuti
1179 722 1210 790 in
1227 721 1350 790 sinistro
1369 711 1556 790 soinmmode
1571 719 1670 790 isera

340 835 485 904 moenis
500 835 639 906 deiinemi
654 847 736 908 sont.
764 835 858 909 Nuiir
873 841 945 908 vitio
961 841 1116 931 ugrum,
1135 838 1163 906 si
1178 837 1353 907 essedorum
1369 855 1508 906 serenum
1523 837 1667 928 exignum

344 947 376 1018 in
393 969 464 1018 caro
481 949 647 1020 abdominis
664 953 830 1042 exceperis.
1346 975 1353 986 ·

394 1131 644 1206 Foeiesseotionis
657 1137 891 1207 iniurium-A.
904 1135 1021 1228 Corpus
1033 1139 1188 1208 vertebrae
1201 1137 1342 1206 dumbaiis
1359 1139 1414 1206 on
1429 1138 1466 1205 ad
1481 1137 1500 1208 3
1517 1136 1572 1204 lin.
1587 1133 1661 1204 Par.

336 1247 411 1316 inira
425 1250 729 1342 cartilaginem‚qnao
743 1256 910 1322 vertebram
923 1256 999 1323 hano
1012 1275 1080 1323 oum
1096 1255 1172 1338 tu,
1182 1255 1318 1322 vertebra
1331 1254 1412 1321 dorsi
1424 1253 1534 1342 iungit,
1543 1270 1663 1339 persee-

336 1363 671 1458 tum.-B.Carti1ago
685 1367 851 1438 ousiaessw
860 1371 995 1440 dextrae.
1012 1370 1045 1438 in
1059 1371 1152 1439 datore
1165 1371 1285 1438 sinistro
1298 1371 1426 1457 sontium
1441 1365 1661 1436 interiisti„

337 1477 496 1547 interstitio
514 1482 694 1550 intereostaii
719 1504 794 1551 nono
811 1485 981 1571 respondet.
1004 1483 1043 1552 G.
1063 1484 1111 1554 D.
1134 1484 1176 1553 E.
1199 1483 1308 1554 Costae
1328 1483 1402 1551 Μ’·
1426 1483 1485 1551 tt·
1519 1480 1592 1548 id·-
1616 1513 1667 1530 ·-

337 1589 381 1658 F.
404 1590 481 1661 Mtn.
499 1593 707 1686 Longissimus
720 1599 800 1667 dorsi
814 1609 844 1666 et
856 1598 1104 1667 Sacroiumiraiis.
1122 1637 1171 1650 -
1189 1605 1229 1671 G.
1250 1598 1297 1695 M.
1317 1598 1500 1668 Latissimus
1517 1597 1666 1692 dorsi.-

335 1703 383 1774 M.
401 1705 448 1776 M.
465 1708 606 1780 Servatus
619 1715 750 1800 postious
764 1713 897 1782 inierior.
914 1713 957 1784 K.
968 1711 1045 1783 Mm.
1056 1713 1364 1782 interementes-L.
1381 1713 1430 1782 Μ.
1447 1711 1560 1781 Rectus
1572 1709 1667 1778 abdo·

337 1821 542 1895 minis-M.
560 1827 606 1897 Μ.
622 1825 793 1908 Quadratus
810 1829 992 1900 lumborum.
1012 1831 1056 1898 Ν.
1077 1829 1123 1898 Ν.
1140 1827 1357 1919 Diaphragma,
1374 1828 1458 1918 eujus
1472 1825 1665 1894 diruemus·

338 1936 457 2007 ouiares
468 1941 792 2032 inspatiointeroostuii
810 1965 877 2012 oum
892 1945 1033 2014 ivbrism.
1045 1941 1223 2013 Transversi
1241 1946 1408 2013 abdominis
1425 1941 1661 2011 ooniiataesunt.

339 2081 460 2127 -ooa
477 2054 553 2124 Pars
567 2059 669 2125 inirma
682 2061 762 2126 saeui
787 2060 908 2146 pienrae
921 2060 1139 2130 destrae-o.
1151 2081 1226 2130 o.o.
1246 2057 1372 2128 Lamina
1389 2057 1540 2147 parietaiis
1553 2055 1663 2144 perito·

337 2174 405 2242 naei
422 2183 452 2239 et
468 2173 642 2241 iniiesiones
673 2177 765 2262 ipsius
783 2177 812 2242 in
829 2177 970 2244 laminam
994 2188 1146 2245 externam
1166 2179 1308 2246 mesoooii
1340 2177 1456 2246 sinistri
1482 2195 1509 2242 s.
1538 2173 1663 2240 deseen-

337 2285 436 2356 dontis
454 2284 549 2370 (airon
567 2289 592 2371 si
612 2296 642 2355 et
659 2291 689 2355 in
707 2287 740 2356 d.
760 2290 901 2357 laminam
919 2301 1072 2359 externam
1086 2292 1230 2360 mesoooii
1244 2293 1339 2359 deutri
1352 2313 1380 2360 s.
1397 2289 1600 2358 ascendentis.
1612 2323 1663 2340 -

338 2425 411 2470 o.u.
449 2399 555 2470 Parias
574 2405 698 2472 inierior
715 2417 891 2473 curvaturae
911 2409 1031 2494 majoris
1049 2408 1218 2487 ventriculi,
1239 2409 1290 2496 qui
1309 2407 1435 2496 giaoiem
1454 2406 1596 2474 eontinet.
1612 2435 1664 2456 -

337 2513 394 2584 δ”.
415 2513 474 2586 d'’.
494 2513 677 2586 Essudatum
696 2538 833 2588 serosum
847 2521 1034 2611 congelatum
1052 2524 1082 2588 in
1100 2543 1172 2590 earo
1191 2523 1365 2610 peritonaei.
1382 2559 1430 2574 -
1444 2519 1515 2588 dd.
1548 2517 1661 2588 Carum

337 2633 447 2702 omenti
459 2634 581 2720 maioris
596 2635 625 2701 in
638 2636 703 2703 ioeo
717 2636 773 2704 ivoe
784 2637 869 2728 iarge
881 2637 1162 2726 apertum—bist.
1172 2661 1200 2708 o.
1214 2662 1241 2706 o.
1251 2637 1426 2708 Mesoooiou
1443 2645 1659 2717 transversum,

324 2746 373 2818 ‘en
390 2737 504 2816 duabus
517 2747 636 2816 laminis
653 2747 823 2838 (superiore
841 2759 870 2818 et
884 2749 1038 2844 inieriore)
1058 2754 1266 2842 compositum,
1286 2771 1412 2842 quarum
1435 2750 1570 2838 superior
1592 2767 1661 2814 oum

334 2865 501 2954 posteriore
534 2865 646 2952 pariete
679 2866 815 2936 caritatis
837 2868 947 2934 omenti
967 2867 1089 2954 majoris
1108 2869 1237 2935 ooniiata
1255 2878 1313 2946 est;
1334 2869 1443 2935 lomina
1462 2884 1531 2932 vero
1559 2863 1664 2929 intima

326 2977 489 3050 ‘tonando
506 2981 687 3050 mesenterio
706 2981 797 3068 (qnod
814 2981 890 3048 inira
909 2985 1072 3049 sectionem
1090 2984 1240 3051 eonditum
1258 2989 1318 3069 est)
1338 2981 1442 3051 servit.
1457 3016 1507 3032 -
1519 2977 1552 3049 d.
1570 2977 1604 3045 d.
1622 2976 1657 3045 d.

334 3093 459 3164 iniietio
477 3095 658 3164 laminarum
677 3096 819 3164 mesoooii
837 3099 917 3164 eirea
936 3099 1093 3165 transitum
1112 3099 1244 3167 intestini
1258 3099 1383 3166 duodeni
1401 3099 1431 3164 in
1445 3095 1578 3184 ieiunum
1595 3088 1660 3186 (ir),

334 3212 467 3300 periente
492 3211 669 3299 ooiiapsum,
697 3231 774 3300 quae
791 3224 944 3300 aspectum
962 3215 1097 3281 eavitatis
1126 3215 1211 3304 quasi
1229 3215 1403 3303 peculiaris,
1422 3233 1439 3280 a
1457 3231 1528 3279 oavo
1550 3227 1662 3298 magno

300 3328 499 3416 1'peritonaei
525 3329 690 3415 sejunctae,
717 3327 813 3397 oiiert.
834 3365 883 3380 -
900 3351 962 3397 o.e.
984 3327 1137 3398 Partiouia
1163 3331 1297 3420 eorporis
1323 3327 1566 3418 procreatis-
1582 3322 1657 3392 dd.

317 3441 493 3511 ·Transitus
526 3444 620 3529 partis
656 3443 863 3511 deseendentis
897 3443 1023 3513 duodeni
1040 3447 1070 3513 in
1088 3455 1202 3533 partem
1237 3456 1438 3514 transversam
1474 3441 1657 3522 iniuriosum,

328 3558 483 3646 *liquorem
516 3559 704 3648 nongeiatum
738 3561 907 3628 continens.
927 3597 974 3612 -
993 3581 1021 3629 e.
1046 3559 1159 3628 Testes
1185 3561 1357 3642 eeiiuiosns,
1395 3562 1473 3627 inter
1504 3567 1661 3642 utramque

336 3672 478 3740 laminam
496 3675 637 3740 mesoooii
656 3674 834 3759 transversi,
858 3692 949 3763 prope
969 3676 1102 3742 radicem
1125 3677 1218 3762 ipsius
1243 3676 1307 3760 (ubi
1329 3675 1457 3743 irminae
1479 3674 1553 3739 istae
1574 3670 1659 3759 iarge

338 3789 416 3858 inter
451 3809 484 3857 se
513 3789 649 3884 distant),
670 3791 782 3858 lamina
805 3793 959 3878 superiore
982 3809 1066 3858 serra
1083 3801 1208 3874 remota,
1234 3791 1398 3859 denudatus
1432 3799 1520 3877 utque
1552 3803 1660 3873 corpus

333 3906 502 3995 perornatis
522 3901 618 3994 (eo.)
643 3915 673 3972 et
695 3907 852 3972 transitum
882 3909 976 3993 partis
993 3905 1199 3974 descendentis
1217 3907 1343 3975 duodeni
1360 3907 1390 3976 in
1418 3915 1532 3993 panem
1561 3910 1659 3968 trans·

311 4037 327 4070 ·'·
337 4040 454 4089 uersam
470 4021 640 4088 inieriorem
658 4014 732 4111 (dd)
744 4020 1076 4113 circumcingens-J.
1092 4019 1265 4090 Frustuium
1279 4023 1426 4113 marginis
1438 4018 1588 4088 inierioris
1600 4015 1660 4084 iobi

336 4135 432 4204 dextri
465 4135 592 4224 hepatis,
625 4135 721 4203 iibere
739 4137 768 4202 in
785 4156 857 4204 cavo
876 4139 1037 4224 peritonaei
1056 4150 1173 4206 natans.
1193 4173 1244 4190 -
1258 4159 1292 4226 ς.
1311 4133 1417 4206 Paries
1451 4135 1574 4204 inierior
1601 4131 1659 4200 eoii

304 4293 307 4304 .
336 4249 537 4334 aseendentis,
553 4271 644 4339 prope
660 4250 806 4318 iienuram
825 4251 1008 4338 dertram‚et
1020 4255 1164 4321 transitus
1179 4255 1271 4342 ipsius
1290 4255 1319 4321 in
1336 4253 1421 4322 eoion
1438 4261 1654 4323 transversum.

337 4364 483 4453 liquorem
514 4367 703 4457 congelatum
736 4369 903 4436 continens.
923 4403 973 4420 -
989 4367 1022 4437 d.
1042 4367 1135 4438 Coion
1168 4381 1384 4437 transversum.
1399 4403 1450 4420 —
1465 4367 1491 4433 i.
1512 4361 1660 4431 Partiouia

335 4481 461 4568 perietis
479 4481 629 4550 inierioris
646 4483 703 4550 eoii
718 4485 883 4552 transversi
900 4505 991 4574 propo
1009 4486 1166 4554 transitum
1184 4487 1215 4552 in
1232 4485 1316 4552 ooion
1328 4483 1512 4552 descendens
1529 4489 1559 4546 et
1573 4476 1656 4544 eoion

335 4595 520 4664 descendens
553 4597 650 4684 ipsum
684 4598 861 4687 ooiispsnm.
879 4637 928 4652 -
945 4599 978 4670 ir.
1000 4601 1024 4670 i.
1044 4597 1111 4670 iden
1128 4600 1230 4670 denter
1246 4609 1276 4669 et
1292 4601 1414 4668 sinister
1446 4615 1537 4686 prope
1565 4591 1658 4661 iriinnr

336 4711 479 4800 perseed.

385 4937 437 5012 iii
466 4939 690 5028 dispositionem
707 4945 901 5035 multipiioem
918 4951 1098 5020 teminorum
1114 4948 1280 5039 peritonaei
1296 4947 1327 5014 in
1349 4943 1434 5013 ioone
1461 4943 1518 5010 iao
1546 4939 1656 5008 adnm-

338 5055 454 5124 iratrm
470 5055 547 5124 ione
564 5057 799 5149 iuteiiigendam,
819 5073 921 5134 notare
935 5067 1058 5157 dignum
1076 5075 1134 5134 est:
1158 5067 1193 5160 i)
1213 5065 1375 5133 sectionem
1389 5061 1429 5126 ita
1443 5059 1559 5125 ductam
1573 5073 1653 5134 esse.

340 5175 374 5236 nt
400 5171 569 5240 merneolon
598 5179 801 5243 transversum
821 5172 871 5266 (er
887 5182 1001 5251 duabus
1034 5183 1154 5252 laminis
1188 5179 1384 5269 compositum
1400 5186 1431 5245 et
1445 5197 1514 5244 oum
1547 5173 1658 5262 pariete

338 5287 503 5372 md
530 5288 644 5358 ΜΕ
671 5290 794 5382 mtioeis
821 5295 998 5394 ooniiatnm)
1024 5301 1231 5370 sinistrorsum
1260 5313 1315 5387 por
1329 5305 1487 5382 unamque
1502 5289 1655 5372 irminam,
