3682 6004
666 579 910 650 ..13-

154 767 197 863 )Ῑ.
211 761 360 838 Portionla
394 787 481 856 parra
514 765 627 836 eandm
643 771 823 856 pancrantis.
838 803 888 822 -
900 787 933 858 p.
951 764 1060 858 ttsrgo
1072 771 1194 841 sinister
1211 777 1320 842 omenti
1350 775 1472 864 majoris

157 883 246 954 inodo
262 885 325 954 sire
341 903 428 1000 sacco
445 903 536 952 caeco
552 882 720 966 ronutcoti,
739 884 790 970 qni
807 885 838 952 in
854 882 968 954 dnobus
983 883 1057 954 locis
1075 895 1225 974 persectus
1243 899 1301 972 est,
1323 890 1465 960 adnexus.

156 997 223 1070 Una
248 997 390 1090 particula
408 998 494 1086 hujus
511 998 591 1066 sacci
608 1016 697 1084 propa
714 997 807 1066 hilum
825 996 912 1068 lienis
928 998 998 1082 sita,
1018 998 1116 1068 littori
1134 998 1167 1086 lt,
1188 1003 1280 1072 altera
1298 1024 1380 1088 tere,
1395 1025 1471 1092 quoe

156 1116 235 1184 inter
248 1137 264 1182 o
277 1127 308 1182 et
320 1113 365 1183 N.
381 1113 525 1196 cernitur,
541 1112 620 1182 nulli
641 1112 739 1180 littori
752 1111 905 1206 designata
922 1113 1059 1181 est-i.
1079 1112 1199 1184 Initium
1217 1118 1273 1186 ccli
1291 1119 1474 1188 descenden-
1588 1109 1593 1119 ’

158 1231 198 1298 tis
210 1249 299 1320 prope
316 1236 504 1298 curvaturam
522 1222 659 1296 lieoalem
676 1236 856 1316 persectum.
874 1225 961 1296 -lr.
982 1223 1014 1296 lo.
1033 1223 1119 1298 Ausa
1136 1227 1267 1300 [lesurae
1284 1234 1473 1323 sppmoideue

154 1345 215 1412 coli
231 1344 435 1414 descendentis
452 1363 519 1412 cum
538 1339 591 1410 tt.
616 1342 827 1431 appendicibus
856 1343 1020 1432 epiplolois,
1054 1352 1083 1412 et
1108 1343 1132 1412 l.
1156 1343 1247 1416 Coloe
1271 1349 1468 1432 descendens,

153 1459 241 1548 enjus
257 1461 356 1548 paries
373 1459 518 1546 posterior
536 1458 684 1528 involucro
702 1458 893 1548 peritonaeali
910 1459 1069 1528 destitutus
1085 1468 1115 1526 et
1130 1461 1302 1530 membrana
1313 1463 1471 1532 celluloso·

153 1573 265 1644 florosa
283 1570 331 1666 (d)
350 1575 503 1644 incestus
520 1581 577 1644 est.
597 1609 645 1626 -·
661 1593 707 1642 aas.
725 1571 781 1646 ω’.
814 1571 990 1644 intestinum
1010 1573 1146 1662 januum
1172 1577 1202 1644 in
1220 1597 1292 1646 caro
1311 1579 1471 1666 peritonaei

156 1690 253 1760 liltore
270 1697 386 1758 namne.
407 1725 454 1742 ·-
471 1710 506 1758 e.
526 1687 592 1758 llen
609 1689 743 1772 sinister,
774 1707 865 1780 prope
889 1692 1055 1782 marginem
1077 1710 1240 1760 consenum
1257 1691 1342 1760 etad
1363 1694 1377 1762 l
1399 1694 1470 1782 poll.

156 1801 230 1874 Par.
249 1824 267 1872 a
284 1803 345 1874 utto
361 1799 526 1894 perlectus.

205 2040 247 2112 Ui
262 2043 385 2112 directio
402 2043 499 2113 lineae
515 2044 645 2112 secantis
663 2061 715 2130 per
732 2043 840 2112 lienam
856 2052 887 2112 et
901 2061 956 2130 per
973 2043 1151 2132 multiplices
1173 2043 1345 2114 inflexiones
1363 2049 1468 2134 perito

155 2158 237 2242 naal,
264 2159 294 2226 in
319 2157 417 2226 tabula
448 2158 503 2228 lac
531 2157 717 2240 adumbrata,
749 2157 857 2226 melius
886 2157 1081 2248 intelligatur,
1113 2178 1235 2228 monere
1265 2179 1387 2230 necesse
1412 2175 1469 2232 est:

157 2270 194 2366 l)
213 2271 336 2342 Lienam
358 2273 484 2362 (qnando
500 2272 669 2342 stomachus
687 2289 745 2340 noo
762 2272 845 2340 ratde
863 2281 1005 2342 extensus
1021 2274 1081 2365 est)
1103 2274 1276 2362 plerumque
1298 2277 1338 2343 ita
1355 2275 1473 2366 oblique

156 2391 248 2457 situm
273 2407 354 2472 esse,
385 2397 418 2457 nt
442 2387 614 2478 superficies
640 2389 736 2476 ipsius
753 2405 882 2456 concana
898 2407 928 2456 s.
947 2389 1063 2457 interna
1080 2407 1148 2456 cnm
1164 2388 1224 2457 lile
1240 2390 1426 2460 dextrorsum
1443 2402 1473 2462 et

154 2506 305 2572 anteriora
322 2521 427 2573 nereus
442 2503 555 2572 directa
576 2504 628 2587 sit,
647 2503 817 2572 amramitas
834 2504 970 2590 superior
987 2503 1077 2572 simul
1102 2503 1250 2592 posterior
1274 2505 1325 2590 sit,
1357 2507 1473 2578 scilieet

153 2617 323 2688 columnam
356 2620 552 2688 rememorem
573 2637 677 2688 rorans
706 2619 831 2703 directa,
864 2617 1108 2688 interlucentem
1134 2619 1305 2688 extremitas
1330 2622 1471 2708 parietem

154 2733 373 2804 ebdominalem
394 2735 573 2804 anteriorem
597 2741 712 2822 spectet
738 2729 831 2824 (conl,
853 2731 942 2802 Fuso.
965 2733 999 2804 3.
1019 2729 1075 2824 Β).
1112 2733 1149 2828 9)
1168 2729 1264 2802 Unam
1282 2731 1471 2804 inflexionum

153 2849 328 2936 pertimeri,
347 2849 455 2939 quibus
471 2849 665 2942 ligamentum
683 2848 893 2940 gastrolienale
910 2849 1113 2933 constituitur,
1132 2850 1327 2938 posteriorem
1349 2869 1468 2940 nempe,

152 2964 373 3051 prolandiorem
402 2983 470 3034 esse
493 2963 586 3032 altera
612 2959 804 3056 (anteriore).
840 2963 872 3033 lo
890 2963 1021 3033 sectione
1036 2964 1135 3052 iupus
1151 2981 1204 3052 per
1220 2963 1470 3052 lppoolroodrinm

153 3079 308 3148 sinistrum
333 3081 364 3148 in
388 3078 600 3172 longitudinem
627 3075 715 3146 docta
741 3079 819 3146 litus
836 3079 924 3146 lienis
942 3077 1059 3167 obliqua
1074 3078 1122 3147 rol
1138 3078 1201 3146 iere
1216 3085 1386 3147 transrerre
1402 3098 1468 3168 por·

154 3194 314 3273 scinditur,
340 3201 370 3262 et
387 3195 498 3264 lamina
514 3195 645 3294 nterim
662 3193 814 3286 ligamenti
830 3193 1049 3280 pastrolienalis
1067 3194 1107 3261 ita
1123 3193 1252 3279 persenti
1268 3211 1386 3280 semper
1402 3213 1468 3263 sur·

154 3327 235 3386 oum,
255 3309 364 3376 lamina
382 3327 453 3378 rere
468 3309 616 3396 posterior
633 3305 771 3375 deorsum
788 3315 916 3393 spectat.
936 3303 1020 3374 Situs
1036 3307 1086 3376 lic
1100 3303 1189 3375 lienis
1205 3325 1297 3395 acque
1314 3325 1350 3376 ac
1365 3327 1467 3398 aspen·

154 3435 203 3492 tus
221 3425 252 3491 in
268 3425 393 3492 dirersis
413 3423 507 3512 ipsius
524 3421 748 3490 alterationibus
766 3419 925 3504 morlonis,
953 3430 984 3488 ut
1002 3422 1032 3488 in
1050 3421 1186 3490 iconibus
1202 3419 1352 3490 Fasciculi
1372 3423 1406 3493 3.
1426 3423 1464 3496 Β.

155 3540 332 3624 ridebimus,
352 3539 435 3608 raldo
451 3547 594 3608 mutatur.
612 3533 647 3628 3)
666 3535 898 3625 Dispositicoem
929 3533 1116 3604 inflexionum
1146 3537 1319 3624 peritonaei,
1346 3543 1469 3626 quae-in

155 3653 372 3742 lypoclondrio
388 3653 511 3723 sinistro
526 3661 677 3722 omentum
692 3653 789 3741 majus
805 3661 835 3720 ct
852 3651 1019 3720 monocolon
1035 3651 1227 3734 constituunt,
1259 3671 1326 3722 eam
1343 3651 1380 3720 ab
1397 3673 1469 3722 can·

156 3789 220 3838 sam
246 3769 397 3838 intellectu
422 3768 572 3838 difficilem
601 3787 683 3848 esee,
710 3768 778 3855 qnia
802 3785 861 3834 una
886 3767 1049 3854 eademque
1073 3767 1149 3855 plica
1166 3767 1326 3856 peritonaei
1344 3769 1469 3836 dirersis

155 3883 229 3953 tocts
242 3893 377 3973 persenia
391 3885 420 3952 in
435 3883 573 3954 iconibus
586 3891 837 3972 repraesentatur.
846 3881 899 3950 Sic
911 3883 976 3951 ioon
989 3879 1046 3950 dt·
1058 3893 1209 3952 omentum
1222 3883 1318 3970 majus
1330 3885 1361 3952 in
1373 3884 1468 3952 tribus

155 4003 280 4070 dirersis
297 4001 384 4085 lonis,
404 4019 509 4090 nempe
526 4017 617 4090 prope
633 3998 826 4091 ligamentum
844 3998 1054 4089 gastrolieuole
1072 3998 1131 4090 tp),
1151 4019 1241 4087 prope
1259 4000 1378 4067 landum
1396 4019 1467 4070 reo·

154 4117 267 4200 trionli,
285 4125 316 4184 et
330 4135 422 4204 prope
440 4115 551 4200 lucum,
565 4113 617 4184 nbi
634 4113 664 4182 in
680 4114 849 4184 mesecolon
862 4121 1063 4182 manerorsum
1085 4115 1174 4198 (inter
1191 4111 1250 4181 σι’·
1266 4121 1295 4181 et
1308 4113 1354 4204 e.)
1374 4115 1464 4183 conti·

154 4241 275 4317 noctur,
307 4241 474 4321 perrectum
498 4237 704 4320 repraesentat
735 4227 869 4316 (Fundus
894 4227 1050 4296 ventriculi
1075 4227 1192 4316 ipsein
1217 4228 1330 4296 dnobus
1354 4249 1468 4317 quoque

156 4349 272 4435 punctis
289 4353 442 4436 persectns
459 4346 652 4435 conspicior,
675 4363 801 4434 qnorum
818 4361 907 4412 unum
925 4343 1035 4428 littera,
1052 4342 1176 4410 alterum
1195 4361 1274 4425 roro,
1297 4343 1373 4411 inter
1390 4345 1465 4414 litte·

155 4481 205 4530 ras
223 4481 252 4532 e.
273 4469 303 4530 et
319 4461 380 4540 tt,
400 4461 480 4530 nulla
496 4462 594 4530 lltteri
611 4461 796 4553 designatum
815 4459 972 4528 invenitur.
996 4455 1090 4526 Parra
1108 4457 1233 4546 denique
1248 4459 1357 4526 omenti
1375 4461 1466 4547 parti·

154 4577 222 4646 enta
239 4573 353 4668 (littori
371 4593 429 4644 non
445 4573 615 4668 designas)
644 4574 732 4644 simul
750 4591 817 4642 curn
836 4575 992 4642 corratnrd
1009 4571 1108 4642 liconii
1126 4571 1182 4640 coli
1200 4572 1403 4643 descendentis
1422 4573 1462 4664 (ol

151 4701 319 4762 tramit
337 4697 468 4782 apparat.

198 4911 301 4982 Sentio
319 4913 421 5004 igitur,
442 4931 528 5002 poam
546 4913 644 4980 tabula
657 4911 731 4980 llaec
746 4909 873 5002 effingit,
892 4928 947 4999 por
963 4909 1055 4978 hilum
1070 4909 1155 4979 lienis
1169 4905 1213 5002 (ln
1231 4911 1295 4978 loco
1311 4908 1463 4978 conllurne

154 5029 282 5096 laminae
306 5026 467 5096 artemonis
491 5027 645 5119 ligamenti
661 5025 881 5118 gastrolienalie
896 5043 966 5093 cnm
991 5024 1126 5114 margine
1141 5025 1260 5094 sinistro
1273 5025 1381 5094 omenti
1399 5043 1462 5092 ma·
1532 5023 1551 5106 J

150 5145 226 5232 peris
247 5139 290 5232 (o.
311 5144 378 5231 p),
396 5161 449 5229 per
466 5145 580 5230 apicem
597 5142 677 5210 sanct
694 5143 777 5210 mcci
802 5140 955 5208 ventriculi
984 5149 1014 5206 et
1042 5157 1095 5228 por
1118 5139 1283 5233 marginem
1309 5139 1461 5206 sinistrum

153 5260 217 5327 cari
234 5259 345 5326 omenti
363 5257 483 5346 majoris
500 5267 529 5327 ct
548 5257 686 5326 meeocoli
704 5255 869 5326 transversi
887 5256 974 5324 ducta
992 5265 1049 5327 est.
