3682 6004
953 601 1194 672 -10..

390 796 556 890 aquitan,
588 789 679 858 riom
708 785 848 882 longam
877 796 913 858 et
940 785 1128 857 flexuosum
1159 786 1282 879 aperio
1303 792 1339 853 et
1355 782 1391 854 in
1410 781 1532 852 itinere
1549 781 1615 852 hoc
1641 781 1735 854 simoi

390 931 469 982 cum
486 927 584 978 socco
601 902 791 996 peritonsoi
809 902 981 973 interdum
1005 902 1109 971 etism
1129 902 1289 971 intestino
1315 921 1428 969 crosso
1453 901 1654 969 mesenterio
1686 897 1735 968 de·

390 1023 521 1100 stirme,
536 1017 751 1113 (intestinum
764 1039 903 1087 coecum
915 1025 951 1086 et
965 1013 1065 1085 coion
1083 1014 1307 1111 descendens)
1322 1038 1340 1084 n
1355 1013 1539 1109 perietibus
1557 1013 1737 1085 abdominis

390 1136 554 1208 dimovet.
573 1133 699 1202 Totum
715 1129 806 1202 huno
834 1130 935 1226 digiti
964 1139 1109 1201 tractum
1138 1140 1173 1202 et
1200 1153 1275 1202 eom
1308 1129 1460 1200 intestini
1478 1129 1582 1200 crossi
1600 1139 1735 1223 portem,

389 1273 477 1346 quoe
494 1246 595 1320 simul
612 1268 692 1316 oum
716 1245 912 1338 peritomen
945 1245 1035 1316 inter
1067 1245 1304 1339 operationem
1337 1246 1514 1316 vincturae
1536 1255 1602 1315 nrt.
1627 1244 1738 1318 ilicone

388 1363 578 1436 communis
595 1370 629 1432 et
646 1361 801 1432 internus
818 1383 840 1431 o
855 1359 984 1455 prriete
1013 1358 1205 1431 abdominis
1234 1350 1451 1442 dimovetur,*
1474 1358 1644 1432 sectiones
1660 1361 1738 1432 obii·

390 1501 479 1575 quoe
497 1476 589 1548 ciere
606 1473 800 1547 ostendunt.

435 1593 483 1665 Ut
497 1601 611 1664 sutem
630 1589 666 1660 in
685 1588 777 1661 hisce
794 1589 1003 1662 sectionibus
1020 1589 1180 1661 distentio
1198 1589 1267 1662 ioci
1284 1589 1464 1662 incisionis
1484 1591 1527 1662 rb
1546 1593 1672 1662 suerio
1689 1591 1738 1662 dc·

387 1705 528 1802 liganda
546 1727 609 1776 nec
625 1729 694 1776 non
711 1712 801 1775 totus
817 1704 965 1775 ambitus
982 1705 1088 1797 portis
1104 1705 1308 1800 peritonaei‚
1327 1727 1416 1800 quse
1432 1706 1468 1777 in
1481 1706 1681 1799 operatione
1696 1707 1742 1778 di·

389 1823 462 1915 gito
479 1821 683 1914 sejungitur,
702 1818 823 1891 meiius
840 1819 1112 1914 inconspectum
1141 1820 1285 1903 veniret,
1314 1822 1428 1891 omnin
1446 1819 1603 1892 intestine
1621 1843 1740 1916 congc-

388 1935 458 2006 lrte
483 1959 502 2005 e
526 1957 630 2006 curer
657 1935 860 2030 peritomen
896 1944 975 2029 post
1002 1936 1188 2005 sectionem
1217 1936 1407 2006 institutam
1440 1935 1581 2021 removi,
1619 1935 1741 2008 relictis

389 2050 626 2121 tontummodo
643 2049 804 2122 intestino
818 2072 919 2121 cneco
937 2059 973 2121 et
986 2050 1064 2121 eolo
1082 2048 1307 2122 descendente
1325 2053 1360 2122 in
1374 2049 1440 2122 situ
1461 2051 1611 2145 proprio.
1632 2053 1739 2142 (Cori.

387 2162 473 2236 rso.
496 2163 554 2248 12,
578 2165 748 2254 llo-15).
