3736 6008
702 547 946 618 ..5-

143 803 277 876 diversa
311 791 480 900 corpora,
518 817 638 880 ventre
660 817 802 882 extenso
826 819 860 882 et
880 811 1049 906 collapso,
1071 809 1219 882 institui.
1251 811 1390 895 leones,
1424 833 1513 904 quaa

142 921 309 992 sectiones
328 921 498 1016 ejusmodi
517 922 739 1006 adumbrant,
775 925 818 996 ad
852 926 1062 1010 mutationes
1096 925 1132 995 in
1158 926 1225 994 situ
1246 923 1433 994 ventriculi
1453 923 1510 994 de·

141 1025 379 1107 monstrandas
397 1061 500 1132 quam
517 1041 669 1110 maxime
688 1039 834 1111 idoneae
852 1050 944 1122 sunt,
965 1041 1148 1134 praecipue
1165 1040 1194 1109 si
1213 1063 1291 1108 cum
1306 1037 1430 1108 tabulis
1444 1039 1513 1109 las·

140 1150 240 1221 ciculi
258 1153 294 1232 3.
314 1153 355 1222 B.
374 1163 632 1247 comparentur:
654 1155 797 1247 picturis
815 1155 944 1224 etenim
962 1154 1015 1225 bis
1033 1154 1235 1235 linearibus,
1251 1155 1387 1224 varium
1406 1151 1511 1224 situm

140 1268 308 1339 stomachi
338 1269 432 1366 pleni
463 1270 613 1366 perfecte
632 1269 740 1342 alium
763 1295 849 1345 esse.
876 1295 980 1366 quam
998 1271 1181 1364 scriptores
1199 1269 1386 1340 anatomici
1406 1269 1511 1364 vulgo

140 1381 347 1454 contendere
364 1385 489 1466 solent,
510 1384 765 1456 evidentissime
784 1386 963 1482 probatur.
988 1385 1055 1456 Sed
1074 1383 1186 1456 debis
1204 1383 1437 1454 lusiusinfra.

184 1585 312 1669 Quoad
327 1587 730 1672 musculosabdominis,
751 1612 983 1683 aponeuroses
1000 1597 1036 1660 et
1051 1588 1174 1659 fascias
1191 1585 1334 1660 librosas
1352 1588 1435 1682 ipsis
1451 1587 1513 1657 ad·

139 1723 261 1783 nexas,
297 1703 467 1773 sectiones
497 1712 713 1774 transversae
738 1704 775 1774 in
793 1704 970 1775 nonnullis
988 1703 1146 1774 iconibus
1163 1701 1387 1774 adumbratae
1421 1701 1509 1794 (vid.

136 1815 223 1887 Tab.
243 1817 327 1899 4¹¹⁰,
349 1819 430 1893 9¹⁰¹.
453 1821 555 1900 lom.
580 1821 670 1890 wm
688 1829 722 1890 et
743 1821 846 1915 iiim)
867 1819 1130 1914 dispositionem
1148 1821 1368 1914 vaginarum,
1386 1816 1512 1914 quibus

135 1931 286 2002 musculi
317 1933 353 2004 bi
380 1934 506 2005 inclusi
524 1945 615 2020 sunt,
647 1945 807 2007 mutuum
836 1957 967 2008 noxum
1000 1935 1202 2019 fasciarum,
1238 1944 1342 2030 atque
1372 1933 1511 2005 diversa

135 2058 238 2120 strata
258 2052 508 2138 musculorum,
532 2061 635 2150 prout
653 2055 688 2125 in
706 2054 772 2125 bac
790 2054 845 2125 vel
863 2053 927 2125 illa
941 2052 1087 2146 regiona
1104 2049 1300 2122 abdominis
1317 2049 1515 2136 inveniun-
1554 2131 1557 2136 ,

136 2171 205 2250 tur,
226 2177 501 2260 repraesentant.
639 2247 641 2254 ,

183 2370 225 2440 ln
244 2368 404 2462 plurimis
426 2371 569 2465 picturis
586 2369 776 2442 linearibus
789 2371 988 2440 *sectionum
1006 2379 1281 2440 transversarum
1298 2365 1507 2452 abdominis,

135 2483 164 2553 si
183 2505 265 2554 cum
282 2485 442 2556 iconibus
457 2485 616 2558 fasciculi
636 2487 701 2572 2⁶¹,
714 2518 716 2526 s
728 2507 817 2580 quae
829 2487 998 2556 sectiones
1016 2493 1227 2556 transversas
1244 2481 1396 2555 tboracis
1410 2481 1510 2556 *offin-

135 2608 237 2691 gunt,
257 2611 513 2694 comparentur,
535 2601 705 2674 diversam
723 2601 829 2672 etiam
846 2601 994 2694 liguram
1007 2596 1179 2670 medullae
1192 2596 1334 2694 spinalis
1346 2596 1511 2673 indiver-

134 2713 181 2784 sis
200 2714 400 2807 regionibns
419 2717 603 2788 columnae
621 2716 827 2790 vertebralis
845 2722 1021 2812 persectae
1038 2713 1253 2806 designatam
1270 2711 1442 2784 invenies.

184 2923 325 3002 Omnia,
348 2945 437 3018 quae
456 2919 498 2990 de
515 2921 728 2994 sectionibus
746 2945 871 2994 caveae
888 2919 997 3015 pelvis
1011 2918 1177 2990 adnotare
1189 2937 1330 2990 necessa
1344 2921 1407 3006 cst,
1430 2917 1510 3010 pbr·
1549 3002 1551 3012 A

133 3035 233 3108 ribus
250 3037 341 3108 intra
360 3060 545 3133 exponam.
598 3083 609 3102 .
