3682 6004
716 563 958 638 ..sa-

122 755 202 817 star
220 757 310 820 ante
327 747 558 843 linamentum
584 745 747 822 uretbrea
773 747 986 844 triangulare
1004 747 1172 821 dilatatus
1186 749 1323 842 pendet.
1353 754 1517 828 Rostrum

124 863 362 936 instrumenti
380 863 546 958 parisos»
565 863 656 936 bunc
674 873 848 946 secutum,
867 875 946 938 ante
965 888 1068 960 quarn
1090 866 1124 941 in
1144 875 1275 960 partem
1301 868 1516 942 membrana·

122 997 230 1046 ceam
267 979 460 1049 immissum
479 979 536 1052 ait.
557 977 592 1047 in
612 977 747 1048 firmam
777 976 864 1048 banc
889 979 1052 1050 uretbrae
1087 979 1229 1049 t'ascianr
1263 981 1411 1052 incurrit
1429 995 1463 1054 et
1481 984 1516 1056 in

120 1108 232 1162 sacco
258 1091 356 1163 bulbi
375 1092 557 1164 retinetur.
581 1093 674 1186 -2)
694 1093 775 1163 Pars
791 1093 1055 1166 membranacea
1074 1095 1161 1188 ipsa,
1182 1091 1263 1164 dum
1289 1107 1431 1189 angusta
1450 1111 1513 1182 est,

120 1204 363 1280 directionem
376 1207 574 1302 saepissime
600 1205 699 1278 valde
718 1206 895 1302 obliquam
914 1209 1014 1278 offert
1033 1208 1142 1302 (conf.
1165 1209 1262 1279 Fasc.
1285 1211 1319 1281 3.
1341 1212 1401 1289 A..
1428 1211 1513 1286 Tab.

123 1323 316 1414 arr-20).
335 1333 368 1396 et
385 1323 589 1404 firmissimis
620 1322 748 1392 fasciae
780 1325 933 1416 perinaei
962 1326 1097 1394 madiae
1129 1323 1332 1418 (ligamento
1359 1327 1515 1424 triangu-

119 1435 210 1524 lari)
249 1461 385 1509 necnon
404 1437 655 1509 muscularibus
682 1435 777 1507 fibris
808 1432 1118 1532 (compressoribua
1146 1434 1307 1510 uretbrae
1335 1439 1513 1514 Willsonii

118 1559 155 1620 et
176 1551 336 1642 Guthrii)
369 1553 663 1645 circumcingitur,
696 1575 764 1622 non
797 1575 875 1623 raro
905 1577 1045 1647 qnoque
1075 1554 1233 1624 ulteriori
1264 1553 1511 1628 introductioni

114 1663 355 1741 instrumenti
372 1667 587 1758 obstat-723)
608 1665 797 1740 colliculus
815 1667 992 1740 seminalis
1013 1667 1127 1760 (valde
1145 1675 1339 1762 expressus)
1361 1682 1514 1746 rostrum

118 1780 359 1853 instrumenti
377 1785 405 1853 si
423 1785 591 1877 parietem
607 1781 767 1856 uretbrae
793 1783 994 1857 inferiorem
1024 1785 1196 1880 sequitur,
1214 1785 1251 1856 iu
1268 1788 1511 1858 exornationes

116 1907 184 1966 ant
202 1898 331 1968 foveas
359 1896 519 1967 laterales
538 1895 595 1980 tad
613 1904 800 1990 utrumque
830 1896 984 1966 colliculi
1017 1895 1108 1968 letus
1139 1897 1234 1990 sitas)
1257 1898 1384 1968 intrare
1403 1902 1508 1994 cogit.

118 2012 313 2084 interdurn
330 2031 429 2094 vaco,
448 2011 478 2082 si
495 2011 667 2082 utricnbrs
698 2021 871 2104 prostatus
896 2034 937 2082 ac
954 2011 1126 2082 orificium
1155 2013 1263 2106 ipsius
1292 2013 1327 2083 io
1347 2013 1512 2086 colliculo

117 2125 231 2198 bians
263 2128 364 2199 valde
392 2127 534 2198 dilatata
566 2135 657 2206 sunt,
690 2137 839 2197 rostrum
870 2126 1088 2198 instrumenti
1117 2129 1309 2196 incaveam
1338 2127 1426 2199 banc
1452 2131 1510 2202 ria

118 2265 251 2313 errare
285 2265 325 2313 ac
355 2243 474 2336 vagari
511 2252 634 2336 potest.
655 2242 759 2336 -lt)
795 2240 941 2313 Valvula
976 2241 1124 2335 denique
1157 2244 1292 2312 vesicae
1336 2243 1506 2338 pylonicn,

119 2356 184 2450 lig.
214 2359 277 2439 13,
299 2358 344 2427 ti
364 2355 560 2450 (praecipue
579 2357 608 2426 si
626 2354 871 2450 hypertropbia
891 2367 1048 2450 correpta
1068 2359 1146 2448 est),
1169 2357 1302 2426 scilicet
1318 2357 1409 2428 basis
1430 2376 1507 2452 pro·

118 2481 242 2543 statae
260 2473 295 2542 in
314 2471 455 2542 corcani
481 2473 618 2542 vesicae
642 2470 912 2564 propulsasse
930 2480 1039 2566 p'arro
1067 2471 1238 2542 interdum
1257 2471 1507 2546 introductioni

119 2587 351 2659 instrumenti
368 2585 613 2682 impedimento
631 2587 827 2658 est-Non
842 2586 957 2656 ‘minus
976 2585 1018 2658 ad
1038 2586 1283 2680 impedimenta
1309 2587 1507 2682 hujusmodi

118 2703 333 2797 adaugenda
366 2703 454 2774 aliae
475 2703 551 2797 plus
567 2703 727 2772 minusve
757 2701 917 2772 fortuitae
936 2701 1153 2772 conditiones
1170 2704 1365 2782 conserunt.
1384 2713 1441 2804 uta
1456 2703 1507 2775 di·

117 2819 240 2888 rectio
260 2820 367 2916 partis
385 2817 665 2890 membranaceae
683 2815 784 2888 valde
801 2815 956 2911 obliqua.
978 2819 1241 2888 intumescentia
1258 2819 1408 2912 partium
1427 2839 1504 2890 ure·

117 2933 227 3004 tiarae
244 2933 453 3012 vicinarum,
472 2933 657 3004 fasciarum
675 2933 924 3030 perinacalium
951 2934 1051 3002 fortis
1076 2933 1267 3004 crassitudo
1284 2943 1317 3003 et
1334 2957 1504 3030 compres-

117 3071 248 3120 sorum
267 3048 516 3120 muscularium
535 3044 802 3118 contractiones

693 3377 943 3392 m

173 3703 294 3776 ΤΑΙ.
315 3703 392 3774 81.
414 3701 570 3770 Sectiones
585 3701 724 3771 uretbrae
741 3703 925 3772 masculinae
943 3703 1059 3774 diversa
1072 3705 1235 3774 directione
1249 3704 1352 3776 ductas
1369 3703 1494 3798 effingit.

120 3834 201 3930 mg.
225 3838 354 3906 t-tt.
384 3834 535 3906 Gadasena
557 3836 708 3907 hominum
725 3835 841 3906 mediae
858 3836 978 3908 aetatis.
1010 3833 1138 3906 Uretbra
1168 3846 1323 3926 antequam
1354 3838 1497 3907 cadavera

120 3969 196 4059 gelu
213 3971 347 4057 armoire
362 3977 458 4054 erant,
479 3989 551 4038 cera
568 3968 727 4058 liquefacta
741 3978 770 4038 et
782 3968 896 4060 glutine
912 3989 965 4057 per
982 3969 1129 4038 oriiieiun
1148 3980 1303 4041 externum
1321 3971 1351 4038 in
1369 3971 1498 4040 vesicam

119 4101 289 4170 orinerian
318 4102 449 4190 injectis,
482 4111 616 4171 extensa.
650 4100 742 4170 Penio
771 4111 958 4172 extensusct
972 4104 1004 4172 in
1020 4105 1078 4173 situ
1101 4104 1198 4174 lineae
1220 4103 1304 4173 albae
1332 4102 1497 4171 abdominis

118 4233 265 4322 parallelo
295 4233 481 4325 congelatus.
512 4227 669 4304 sectiones
698 4253 752 4324 per
780 4245 894 4324 partem
926 4237 1064 4305 urethrae
1088 4250 1280 4306 cavernosam
1298 4236 1496 4305 etbutbosam

120 4377 294 4436 transuersa
312 4367 487 4444 directione,
507 4384 559 4456 per
576 4373 689 4454 partem
708 4385 778 4435 vero
792 4370 1054 4437 membranaceam
1069 4378 1098 4436 et
1110 4369 1302 4457 prostaticam
1317 4370 1359 4438 ita
1377 4368 1492 4452 doctae

120 4509 153 4568 ut
169 4497 279 4590 pelvim
296 4499 327 4567 in
344 4499 473 4569 anticum
493 4508 522 4567 et
540 4500 685 4587 posticum
703 4509 890 4590 segmentum
908 4501 1120 4570 discinderent.
1148 4495 1183 4569 ln
1201 4499 1337 4569 omnibns
1354 4501 1494 4571 sectioni·

120 4631 177 4700 bos
196 4633 376 4701 transversis
393 4641 493 4720 partes
510 4633 703 4702 adumbratae
721 4633 828 4703 iisdem
846 4634 954 4703 litteris
971 4635 1145 4724 designatae
1161 4642 1242 4716 sunt,
1262 4643 1292 4702 et
1307 4634 1439 4722 quiden:

171 4875 207 4922 o.
226 4849 370 4926 Urettra.
398 4887 447 4906 ·-
468 4854 499 4924 l.
520 4849 638 4942 Corpus
655 4873 850 4925 arenosum
879 4853 1031 4926 uretbraa.
1058 4891 1105 4904 ·-
1131 4876 1160 4924 c.
1180 4875 1211 4924 c.
1240 4853 1372 4942 Corpora
1390 4873 1495 4923 carer-

123 5005 207 5054 nosa.
228 4986 323 5052 -=d.
345 4983 459 5054 Tunica
475 4987 584 5056 ibrosa
600 5007 627 5055 s.
648 4987 806 5078 albugines
822 5005 982 5074 curuum
1000 5004 1244 5064 rasomonorum.
1259 5023 1307 5042 --
1321 5007 1348 5054 a.
1369 4983 1494 5072 Septim

122 5139 279 5208 corporum
310 5139 537 5191 cavernosorum
558 5121 586 5212 f.
606 5140 676 5190 rasa
693 5121 822 5189 dorsalia
840 5121 938 5210 penis.
960 5159 1005 5173 -
1024 5143 1057 5214 a.
1091 5122 1296 5214 integumenta
1325 5119 1494 5190 communia

125 5261 153 5320 et
170 5251 264 5324 [aaa
280 5251 478 5344 superficialis
493 5254 590 5346 penu.
611 5290 658 5306 -
676 5251 708 5322 b.
728 5252 760 5323 a.
781 5253 934 5326 Scroton.
1182 5252 1185 5261 '
1441 5227 1446 5235 ⁵
