3736 6008
691 497 936 574 *⁴15-

172 773 326 856 potsatlae
341 765 450 854 iisdem
465 765 562 837 literis
576 765 746 858 dealgoooi.
766 765 875 837 -.Α.
902 763 1013 856 Magn
1035 764 1174 853 amiur
1195 763 1380 856 oattilbpinio
1391 767 1500 836 uenae

175 897 242 968 8¹⁰·
260 933 311 950 ·-
324 897 369 970 B.
387 896 538 989 cartilago
551 905 677 970 moneto
695 898 733 968 8·
764 933 814 965 -v
832 894 872 966 0.
893 895 941 970 D.
957 895 1002 968 tt.
1017 895 1063 967 ll.
1082 893 1190 966 &stae
1208 894 1372 966 tte-..ppn
1388 896 1497 968 κθ.
1581 915 1585 922 ·

173 1027 291 1120 Corpus
303 1031 459 1102 vertebrae
476 1032 556 1102 dorsi
574 1032 653 1103 Νη
666 1033 705 1102 ad
717 1031 739 1100 b
752 1031 807 1104 lin.
824 1028 899 1100 Per.
914 1029 1232 1120 indruourtileginem,
1245 1039 1321 1116 quae
1333 1030 1501 1102 vertebram

172 1165 250 1236 bano
286 1187 354 1234 euuu
390 1165 527 1234 uertebra
561 1165 682 1234 tumbali
720 1166 882 1255 tejungit,
915 1174 1063 1253 perseetn.
1085 1201 1131 1217 -·
1152 1162 1198 1232 ll.
1224 1161 1272 1232 M.
1306 1162 1420 1234 naeuus
1448 1167 1502 1235 ab-

171 1298 315 1368 dominis.
334 1335 384 1349 -
401 1297 432 1368 l.
448 1295 496 1368 Μ.
518 1295 665 1388 Obliquus
683 1297 847 1368 abdominis
864 1307 1017 1368 externus.
1036 1318 1087 1350 -ι-
1103 1297 1147 1368 K.
1167 1293 1216 1368 M.
1235 1295 1501 1367 Lausstmusdnr·

171 1432 212 1502 si.
222 1431 318 1503 -L.
333 1429 382 1500 M.
397 1429 539 1502 Serratus
550 1435 682 1522 posticas
695 1433 887 1503 inlerier.·-
901 1427 951 1498 M.
967 1427 1014 1501 M.
1028 1426 1280 1499 Saerolumbalis.
1294 1428 1389 1498 -N.
1398 1429 1443 1502 N.
1452 1429 1500 1501 Ν.

171 1561 254 1634 blm.
275 1563 500 1658 internostales.
517 1605 567 1618 -
587 1563 628 1634 O.
651 1563 694 1636 0.
717 1564 760 1636 0.
791 1563 1008 1660 Diapbropma
1032 1563 1253 1652 prepebtutum
1269 1563 1416 1634 nuttieum
1434 1583 1504 1652 per·

173 1703 306 1766 seotum.
324 1733 374 1750 -
391 1697 469 1776 00.
494 1697 542 1772 Μ.
574 1697 778 1773 Transueosus
811 1696 993 1784 abdominis,
1019 1696 1108 1783 eujus
1126 1698 1250 1768 insertio
1268 1697 1300 1766 in
1316 1695 1427 1766 iudom
1455 1697 1502 1764 in·

172 1835 293 1898 ternam
321 1829 507 1922 cartilaginis
532 1840 632 1904 uastae
649 1833 705 1904 8¹⁰
726 1833 882 1903 insertiuoi
898 1831 1133 1921 diaphragmetis
1150 1831 1181 1900 in
1200 1828 1504 1919 baueeuuuttegtoem

171 1971 294 2034 acereta
312 1969 370 2052 est,
390 1965 429 2032 ita
447 1971 479 2034 ut
496 1965 526 2034 ln
544 1965 637 2036 latore
654 1965 756 2036 dextro
773 1965 866 2036 librae
882 1966 1038 2053 utriusque
1055 1963 1183 2034 musonii
1207 1961 1341 2050 perieote
1357 1962 1498 2034 inunum

172 2095 339 2166 oonlluant.
356 2133 407 2188 -7-
425 2119 459 2168 o.
479 2119 513 2168 o.
534 2095 566 2170 b.
587 2095 620 2167 b.
649 2097 754 2178 lulima
775 2097 902 2171 uoniluia
926 2099 991 2169 oaui
1007 2097 1129 2185 pleurae
1145 2095 1300 2182 utriusque
1317 2093 1434 2166 lateris.
1453 2129 1505 2146 -

175 2249 207 2296 c.
229 2251 261 2297 e.
281 2250 310 2297 e.
332 2251 363 2296 o.
400 2231 470 2316 (uno
496 2231 562 2301 luco
596 2251 648 2320 por
680 2249 816 2300 errorem
848 2230 971 2321 plutoris
1004 2229 1090 2300 litero
1125 2249 1148 2296 o
1178 2227 1397 2318 designatum).
1441 2229 1501 2300 La·

175 2362 261 2430 mine
286 2361 438 2449 parietalis
463 2371 494 2432 et
516 2382 622 2434 eorum
654 2363 834 2454 peritonaei.
851 2399 902 2416 -
930 2361 972 2432 o'.
993 2360 1035 2430 o'.
1067 2359 1246 2433 lolloxiunes
1279 2362 1442 2450 peritonaei
1475 2365 1506 2431 in

175 2493 285 2565 teoiem
315 2515 477 2564 eonueram
507 2496 610 2568 lienis.
645 2495 781 2586 Spatium
813 2497 890 2568 iuter
919 2494 961 2566 o'.
990 2493 1032 2566 o’.
1064 2495 1260 2586 ligamentum
1292 2493 1505 2584 gastroiieuale

171 2636 391 2716 repraesentat.
411 2663 462 2680 -
478 2626 534 2700 o'’.
551 2627 607 2700 e’'.
638 2629 816 2702 lullexiunes
833 2630 997 2719 peritonaei
1014 2629 1045 2696 in
1059 2628 1506 2719 marginemeuuuummueuis

181 2759 292 2842 dextri,
312 2781 438 2848 quarum
453 2783 514 2832 una
531 2761 602 2849 o”.,
622 2764 699 2835 iuter
715 2783 819 2835 renem
835 2771 867 2832 et
886 2762 1066 2845 duodenum,
1094 2768 1209 2850 partam
1240 2761 1414 2832 interieram
1428 2761 1506 2850 liga-

176 2891 272 2958 menti
289 2891 560 2965 duodeno-ranulis
585 2903 803 2983 repraesentat.
823 2932 872 2948 -
888 2891 954 2972 o’''.
982 2891 1174 2965 Continuatio
1198 2893 1328 2964 laminae
1348 2893 1506 2964 visceralis

175 3025 346 3112 peritouoei
372 3026 404 3094 in
428 3027 618 3116 superfiuiem
643 3037 796 3100 externam
821 3029 879 3108 ooli
906 3028 1072 3099 tremuersi
1099 3023 1148 3118 (le)
1167 3035 1197 3095 ut
1212 3025 1370 3098 venuteutt
1391 3026 1506 3113 (oln-

176 3153 213 3226 d.
227 3157 261 3226 d.
271 3157 307 3229 d.
324 3157 534 3251 Ligamentum
547 3170 626 3232 tores
641 3161 860 3250 hepatis—e.
876 3157 989 3252 Carum
1001 3158 1172 3236 uentriculi,
1187 3157 1303 3248 liquore
1316 3157 1444 3245 ortensi,
1455 3155 1507 3246 (li-

181 3307 261 3378 qpoo
288 3291 478 3382 congelatus,
508 3293 641 3365 sentium
662 3295 808 3378 instituta,
835 3293 1000 3381 sealproet
1015 3291 1123 3366 malleo
1140 3311 1158 3362 a
1175 3311 1248 3360 aare
1263 3289 1420 3360 uenuiuuli
1432 3311 1507 3362 ann·

180 3417 295 3503 oleatus
313 3421 389 3514 est),
409 3423 451 3492 ita
467 3431 650 3511 perseotum,
677 3434 712 3493 ut
731 3425 826 3498 sentio
841 3439 894 3513 per
912 3433 1101 3496 eurreuuruou
1119 3423 1262 3514 majoram
1280 3420 1352 3508 e''.‚
1370 3423 1461 3494 molo
1475 3426 1508 3494 in

180 3551 274 3620 loou'
265 3573 330 3642 apso
348 3555 521 3624 insertionis
538 3557 647 3626 omenti
665 3558 869 3649 gastrnauliei,
889 3555 1030 3626 modoad
1047 3555 1203 3628 nonnullas
1220 3551 1406 3627 lineasPer.
1427 3557 1506 3646 infra

182 3683 284 3754 bano
277 3687 470 3756 insertionem
487 3697 517 3756 et
534 3689 610 3758 inira
628 3699 786 3779 utrumque
802 3689 949 3758 urilioium
966 3687 1111 3782 stumaohi
1145 3685 1289 3782 (nardium
1308 3695 1337 3755 et
1353 3687 1502 3777 priorum)
1542 3733 1549 3745 -

178 3815 266 3885 dueta
284 3817 404 3889 sut
422 3817 475 3892 e’.
452 3817 658 3892 Curvatura
676 3841 771 3912 mapor
787 3821 885 3893 ete
904 3832 1061 3892 curvatura
1080 3822 1178 3890 minor
1203 3817 1450 3890 uentriculo.-
1474 3819 1503 3911 f.

177 3943 284 4018 Paries
298 3952 436 4040 superior
450 3953 544 4040 fundi,
563 3975 616 4024 seu
632 3956 714 4024 saeui
728 3977 811 4026 oaoeu
803 3955 1052 4026 ventriculi.-
1004 3977 1099 4046 -φ
1116 3953 1238 4038 Cardia,
1247 3946 1431 4022 constituens
1444 3955 1507 4023 ori-

179 4079 281 4150 doium
298 4083 416 4172 oblique
432 4085 619 4154 dextrorsum
636 4088 835 4176 deorsumque
853 4096 1004 4175 spectans.
1019 4123 1071 4140 -
1083 4085 1116 4156 b.
1136 4083 1258 4156 initium
1270 4083 1380 4173 pyloni.
1395 4078 1506 4154 'Parios

177 4215 319 4304 superior
341 4218 499 4286 uentriculi
521 4219 599 4288 inter
616 4241 633 4288 e
650 4228 681 4286 et·
696 4218 717 4286 lu
734 4219 801 4286 lube
818 4218 942 4286 sinistro
958 4219 1075 4306 bepetis
1092 4217 1266 4307 respondet,
1282 4215 1334 4304 qui
1353 4216 1507 4284 iubarum

178 4349 326 4418 stomachi
343 4351 490 4437 prominet
507 4352 662 4441 ipsumque
680 4353 710 4421 in
726 4353 800 4420 duas
817 4353 902 4440 quasi
920 4361 1031 4440 partes,
1064 4349 1282 4440 proiundiorem
1302 4347 1365 4417 sire
1384 4347 1506 4418 fundum

181 4475 229 4576 (s)
247 4491 278 4550 et
294 4483 392 4573 magis
408 4483 527 4570 planam
543 4485 608 4552 sios
639 4487 804 4574 pplorieum
835 4479 877 4576 (e.
895 4483 944 4572 b.)
976 4484 1123 4574 sejungit.
1138 4519 1184 4534 --
1201 4465 1259 4552 Μ’.
1278 4469 1360 4550 Pars'
1372 4467 1505 4570 pplut'iea

182 4633 210 4680 a.
238 4621 409 4684 transuersa
443 4619 580 4706 superior
616 4619 747 4689 intestini
781 4619 922 4688 duodeni.
942 4657 989 4670 —
1007 4615 1062 4688 tt.
1098 4615 1265 4700 Curvatura
1289 4617 1385 4706 prima
1408 4617 1504 4705 partis

181 4753 370 4816 transuersae
400 4749 532 4818 intestini
560 4751 686 4820 duodeni
716 4761 746 4821 et
767 4753 912 4822 transitus
937 4753 1030 4841 ipsius
1065 4751 1095 4818 in
1129 4759 1245 4839 partem
1280 4747 1507 4818 descendentem

184 4873 286 4968 (litera
304 4879 345 4948 e'’
361 4881 563 4975 designatus),
591 4905 667 4976 quae
692 4894 881 4956 curvaturam
900 4885 1060 4954 secundam
1077 4883 1210 4988 formans
1229 4883 1260 4954 in
1276 4877 1372 4968 bb’'.,
1391 4872 1506 4983 p'artpm

182 5017 384 5084 transuersam
414 4998 601 5100 interiorem,
634 5021 836 5120 continuatur.
867 5018 902 5097 In
919 5017 973 5120 lig.
997 5017 1013 5088 l
1034 4993 1128 5089 ieonis
1145 4988 1279 5121 nostrae,
1300 5013 1506 5112 liquoreteon·

179 5143 313 5236 gelatos
329 5167 402 5220 oaru
418 5151 545 5222 duodeni
562 5160 689 5240 undo,
716 5155 816 5243 paries
832 5153 969 5244 superior
984 5151 1074 5244 bojas
1089 5150 1222 5236 intestini
1240 5147 1434 5238 oonspioitnt·
1455 5179 1504 5202 ’-

183 5275 209 5346 o'.
228 5274 305 5350 Pars
317 5285 429 5354 omenti
441 5286 565 5376 majoris
576 5309 604 5360 o.
620 5289 811 5380 gmtroouliei
824 5288 1023 5360 interiissem
1034 5293 1067 5358 ol
1078 5285 1201 5358 tundom
1213 5278 1507 5354 mulnheim-
