3704 6008
685 497 929 575 «ίὸ-

166 765 444 856 precaturos
459 765 555 837 literis
568 765 739 858 desiguuvi.
759 765 869 838 -.„t.
894 763 1007 856 Margo
1029 767 1167 854 superior
1188 766 1493 858 cmtiiaflmiscnstee

170 898 235 966 8¹⁸·
253 935 304 950 -
316 897 363 969 B.
379 896 531 989 Cartiiogo
544 906 575 968 et
587 898 726 970 eosne·
757 935 807 955 --
826 895 866 966 d.
886 896 935 971 D.
950 896 996 968 Ε.
1011 897 1057 968 Ε.
1075 895 1183 968 Cestae
1201 897 1364 968 μεθ’·
1381 935 1433 955 -··
1449 899 1491 970 G.
1573 918 1579 925 ·

169 1028 284 1120 Corpus
296 1031 452 1102 vertebrae
469 1031 646 1110 tersitae
659 1034 698 1100 ad
710 1032 732 1100 d
745 1032 801 1103 liu.
818 1029 893 1100 Par.
908 1031 1225 1121 introcurtileginem,
1238 1043 1314 1118 duee
1326 1033 1494 1104 vertebram

168 1165 244 1234 dano
279 1186 348 1233 cum
382 1165 520 1234 vertebra
553 1165 675 1234 lumbati
713 1166 751 1234 i·
765 1167 876 1256 jungit,
908 1176 1057 1254 persecta.
1078 1203 1124 1217 —
1145 1165 1191 1234 M.
1217 1163 1412 1236 M..liectus
1441 1170 1495 1237 ab·

168 1299 308 1366 dominis.
327 1333 378 1348 -
394 1297 425 1367 1.
441 1295 489 1370 Μ.
511 1295 659 1387 Obliquus
676 1299 841 1368 abdominis
857 1309 1010 1368 externus.
1029 1299 1140 1372 -s-,M
1160 1297 1209 1370 M.
1228 1297 1493 1369 Lutissimusdor·

167 1431 311 1504 st-t.
326 1429 375 1500 M.
390 1430 531 1502 Serratus
544 1434 675 1520 postieus
688 1432 881 1500 infcrior.—
894 1428 944 1499 M.
961 1429 1007 1502 M.
1021 1428 1273 1502 Sacroiuuvivaiis.
1287 1431 1382 1502 -M
1391 1432 1436 1504 N.
1444 1433 1492 1502 Ν.

167 1562 247 1633 Mm.
267 1562 493 1651 intereostoles.
510 1605 560 1618 -—
580 1564 621 1634 O.
644 1564 687 1636 0.
710 1565 753 1636 0.
784 1564 1001 1661 Diaphrupvna,
1024 1581 1121 1655 prope,
1133 1565 1246 1634 hiatum
1262 1566 1408 1636 aurtienm
1426 1585 1496 1654 per-
1627 1591 1631 1606 ·

169 1705 299 1766 sectum.
316 1733 367 1749 -
384 1697 461 1776 00.
487 1697 535 1770 M.
566 1697 771 1781 Transversns
803 1699 985 1784 abdominis,
1011 1698 1101 1786 cujus
1118 1699 1243 1772 insertio
1260 1700 1293 1768 in
1309 1697 1420 1768 tamem
1447 1700 1494 1766 io·

169 1837 285 1899 ternam
314 1829 500 1922 cartilaginis
524 1841 625 1902 costae
641 1833 698 1904 8⁸⁰
719 1834 876 1903 insertioni
892 1832 1174 1922 diaphragmatisin
1194 1831 1272 1900 hauc
1288 1830 1496 1922 cartilaginem

168 1973 286 2031 acereta
304 1971 362 2050 est,
383 1965 422 2032 ita
440 1971 472 2032 ut
489 1965 629 2035 inlatere
647 1966 749 2036 dextro
766 1965 859 2037 subrue
874 1967 1031 2054 utriusque
1048 1965 1176 2034 musculi
1200 1964 1334 2052 perieete
1349 1965 1491 2034 inunum

169 2095 332 2166 confluant.
348 2133 399 2188 -ss
417 2119 451 2166 o.
471 2119 506 2166 u.
526 2097 558 2170 d.
580 2097 613 2168 d.
641 2098 747 2178 Infima
768 2098 894 2173 confinia
919 2099 984 2168 cavi
999 2097 1121 2186 pieurae
1138 2097 1292 2184 utriusque
1308 2097 1427 2168 interis.
1445 2131 1498 2148 -

172 2251 202 2296 c.
222 2251 253 2298 e.
273 2251 303 2297 c.
324 2252 355 2297 e.
387 2231 462 2318 (uuo
488 2231 555 2300 ioco
588 2252 641 2321 per
673 2251 808 2300 errorem
841 2231 964 2321 pictoris
996 2231 1082 2302 litero
1117 2251 1140 2298 u
1170 2229 1389 2319 designatum).
1433 2231 1493 2302 La·

172 2363 252 2430 minu
277 2363 430 2450 parietaiis
456 2373 486 2431 et
508 2384 614 2434 cavum
646 2365 826 2454 peritonaei.
843 2401 894 2416 -
922 2362 965 2433 ε’.
986 2360 1027 2432 c'.
1059 2360 1238 2433 inflexiones
1270 2363 1433 2450 peritonuei
1467 2367 1497 2432 in

171 2494 277 2564 faeiem
308 2515 470 2566 convexam
500 2497 602 2568 lienis.
637 2496 774 2586 Spatium
805 2499 882 2570 inter
911 2495 954 2566 c'.
983 2495 1025 2568 e’.
1056 2497 1252 2587 ligamentum
1284 2496 1496 2586 gastruiienaie

168 2637 383 2716 repraesentat.
403 2665 454 2682 -
470 2627 526 2700 c''.
543 2628 600 2701 c’'.
630 2630 808 2702 lniierioncs
825 2631 989 2719 peritonaei
1006 2633 1038 2698 in
1051 2631 1399 2721 marginem'convexnru
1410 2633 1497 2704 renis

176 2760 284 2842 dextri,
304 2781 430 2848 quarum
446 2783 506 2832 ona
524 2761 595 2850 e''.‚
615 2765 692 2835 inter
708 2783 812 2836 renem
827 2772 859 2834 et
879 2764 1058 2847 duodenum,
1085 2771 1202 2852 partem
1232 2765 1406 2852 interiorunt
1420 2765 1498 2854 tiga-

172 2892 264 2960 menti
281 2892 552 2964 duodeno-renatis
576 2904 795 2984 repraesentat.
815 2935 864 2950 -
879 2893 946 2972 om.
975 2893 1166 2968 Continuatio
1190 2897 1321 2966 dominae
1340 2895 1497 2968 visceratis

172 3026 338 3114 peritonaei
364 3027 396 3096 in
420 3029 610 3116 superficiem
636 3039 788 3100 externam
813 3031 871 3109 coli
899 3031 1064 3101 transversi
1090 3025 1139 3121 (ir)
1159 3038 1188 3097 et
1204 3029 1362 3100 ventriculi
1382 3029 1497 3116 (etv-

173 3157 205 3228 d.
217 3159 252 3226 d.
262 3157 298 3229 d.
316 3159 525 3252 Ligamentum
539 3173 618 3234 teres
632 3164 852 3254 hepatis-e.
868 3161 981 3256 Carum
993 3163 1162 3239 ventriculi,
1178 3161 1294 3250 liquore
1307 3161 1435 3247 extensi,
1446 3159 1497 3248 (li-

176 3312 251 3381 ppor
280 3294 469 3386 congelatus,
499 3298 631 3371 sectione
652 3298 799 3382 instituta,
826 3296 991 3384 sculptoet
1006 3295 1114 3368 melleo
1131 3314 1148 3364 e
1165 3313 1238 3364 cavo
1254 3293 1410 3364 ventriculi
1422 3313 1498 3364 euu-

175 3424 286 3505 cleatus
304 3425 379 3518 est),
401 3428 441 3496 ita
458 3437 641 3517 perrectum,
668 3437 702 3497 ut
722 3430 817 3500 sectio
832 3447 885 3517 per
903 3436 1092 3499 curvaturam
1111 3426 1253 3515 mojorem
1271 3424 1343 3510 e''.,
1360 3427 1451 3498 modo
1466 3429 1498 3498 in

174 3557 238 3625 loco
255 3559 322 3647 ipso
340 3559 511 3628 insertionis
529 3563 639 3630 omenti
656 3562 861 3653 gastrocolici,
881 3561 967 3630 modo
984 3558 1022 3628 od
1039 3559 1195 3632 nonnullos
1211 3559 1307 3628 lineas
1323 3555 1398 3631 Par.
1418 3560 1497 3650 inira

176 3688 251 3757 ivano
268 3691 462 3760 insertionem
479 3701 509 3760 et
526 3694 602 3797 inira
619 3704 777 3784 utrumque
794 3694 942 3764 orificium
958 3691 1103 3761 stomachi
1137 3689 1281 3785 (cerdiam
1299 3699 1329 3758 et
1345 3691 1494 3780 pyiorurn)
1533 3737 1541 3748 =

172 3820 258 3889 ductu
275 3823 327 3892 sit.
348 3862 396 3876 -
414 3821 468 3895 e’'.
486 3821 651 3897 Curvatura
668 3829 763 3916 major
779 3837 809 3896 ct
826 3825 877 3896 e’'’
896 3792 1053 3897 curvatura
1072 3826 1170 3894 minor
1195 3785 1366 3893 vcivtricuii.
1393 3860 1441 3875 -
1465 3823 1495 3915 s.

171 3947 276 4022 Paries
290 3957 428 4043 superior
442 3957 537 4044 tondi,
555 3980 608 4027 sen
624 3962 705 4028 sacci
720 3963 803 4029 caeci
816 3961 1044 4030 ventriculi-
1058 3981 1091 4048 p.
1108 3955 1421 4061 Cardia,c·unstitucus
1436 3946 1499 4025 ori-'

172 4083 273 4153 ficium
290 4087 408 4176 oblique
426 4089 611 4159 dextrorsum
629 4093 826 4180 deorsumque
845 4101 996 4180 spectans.
1011 4089 1109 4159 -1ι,
1127 4087 1249 4159 initium
1262 4086 1371 4176 ppiori.
1391 4085 1498 4157 Paries

171 4220 310 4308 superior
333 4223 492 4290 ventriculi
514 4225 591 4292 inter
608 4246 625 4293 e
641 4231 673 4291 et
688 4223 709 4290 ir
725 4223 793 4291 lodo
810 4225 935 4291 sinistre
950 4223 1066 4311 hepatis
1084 4221 1256 4309 respondet,
1274 4218 1325 4308 qui
1344 4220 1374 4285 in
1389 4207 1498 4287 'davum

170 4353 318 4422 stomachi
335 4356 482 4442 preminet
499 4357 654 4445 ipsumque
671 4356 702 4424 in
718 4357 792 4424 dots
809 4358 894 4444 quusi
911 4365 1023 4445 portes,
1055 4355 1274 4444 profundiorem
1293 4350 1356 4420 siue
1375 4349 1498 4421 iunium

173 4481 219 4580 (s)
238 4494 269 4554 et
285 4489 384 4578 magis
400 4487 519 4575 pianum
535 4491 600 4557 sive
632 4491 811 4577 ppioricum
828 4485 869 4580 (e.
888 4488 954 4574 tut?
968 4488 1115 4577 sejungit.
1129 4523 1176 4536 -
1190 4469 1250 4554 Ἠ.
1269 4471 1351 4553 Pars'
1364 4471 1497 4573 ppioricn

174 4639 201 4685 r.
229 4627 401 4688 transuersa
435 4625 572 4709 superior
607 4623 739 4692 intestini
773 4621 913 4692 duodeni.
933 4661 981 4672 -
999 4619 1054 4691 tt.
1090 4618 1257 4702 Curvatura
1280 4619 1377 4707 prima
1400 4619 1496 4708 pertis

172 4757 362 4821 transversae
393 4755 524 4823 intestini
552 4755 678 4824 duodeni
708 4765 738 4823 et
759 4757 904 4825 transitus
929 4756 1021 4844 ipsius
1056 4755 1087 4822 io
1121 4761 1237 4843 partem
1271 4751 1499 4820 descendentem

175 4877 277 4972 (litera
295 4884 337 4954 e'’
354 4885 556 4978 designatus),
583 4910 659 4980 quae
684 4899 875 4958 curvaturam
892 4889 1051 4968 secundam
1068 4887 1201 4992 formans
1222 4887 1252 4956 iu
1268 4879 1364 4973 tt”.,
1382 4854 1497 4987 p⁵artpm

173 5023 380 5088 transversam
406 5021 593 5102 interiorem,
626 5026 829 5124 continuatur.
860 5021 895 5120 In
911 5021 965 5124 fig.
988 5021 1004 5092 1
1024 4996 1119 5092 iconis
1137 5029 1271 5122 nostrae,
1291 5017 1497 5116 liquorecon·

171 5149 305 5240 pciatoe
321 5171 394 5224 cavo
411 5155 538 5228 duodeni
554 5163 681 5244 remoto,
707 5159 809 5247 paries
824 5156 961 5245 superior
976 5153 1065 5246 hujus
1080 5153 1215 5240 intestini
1232 5149 1426 5239 prospicitur·
1447 5183 1496 5228 .·-

174 5280 200 5350 ί.
219 5279 297 5356 Pars
309 5290 422 5358 omenti
433 5289 596 5380 majorisr.
610 5294 803 5384 ,gmtreeoiici
816 5289 1193 5362 intentionemetimdnm
1205 5281 1499 5358 mucurisin.-
