<?xml version="1.0" encoding="UTF-8"?>
<!DOCTYPE html PUBLIC "-//W3C//DTD XHTML 1.0 Transitional//EN"
    "http://www.w3.org/TR/xhtml1/DTD/xhtml1-transitional.dtd">
<html xmlns="http://www.w3.org/1999/xhtml" xml:lang="en" lang="en">
 <head>
  <title>
</title>
<meta http-equiv="Content-Type" content="text/html;charset=utf-8" />
  <meta name='ocr-system' content='tesseract 3.04.00' />
  <meta name='ocr-capabilities' content='ocr_page ocr_carea ocr_par ocr_line ocrx_word'/>
</head>
<body>
  <div class='ocr_page' id='page_1' title='image "anatometopograp00pirogoog_0041.png"; bbox 0 0 3704 6008; ppageno 0'>
   <div class='ocr_carea' id='block_1_1' title="bbox 877 487 1230 558">
    <p class='ocr_par' dir='ltr' id='par_1_1' title="bbox 877 487 1230 558">
     <span class='ocr_line' id='line_1_1' title="bbox 877 487 1230 558; baseline -0.025 -16"><span class='ocrx_word' id='word_1_1' title='bbox 877 487 1230 558; x_wconf 60' lang='lat'>..30..„</span> 
     </span>
    </p>
   </div>
   <div class='ocr_carea' id='block_1_2' title="bbox 346 783 1686 3062">
    <p class='ocr_par' dir='ltr' id='par_1_2' title="bbox 346 783 1686 3062">
     <span class='ocr_line' id='line_1_2' title="bbox 363 783 1684 878; baseline 0.001 -24"><span class='ocrx_word' id='word_1_2' title='bbox 363 785 500 858; x_wconf 89' lang='lat' dir='ltr'>tendens.</span> <span class='ocrx_word' id='word_1_3' title='bbox 516 821 563 836; x_wconf 88' lang='lat'><em>-</em></span> <span class='ocrx_word' id='word_1_4' title='bbox 577 805 607 854; x_wconf 85' lang='lat' dir='ltr'>r.</span> <span class='ocrx_word' id='word_1_5' title='bbox 622 783 741 878; x_wconf 81' lang='lat' dir='ltr'>Vagina</span> <span class='ocrx_word' id='word_1_6' title='bbox 759 787 874 857; x_wconf 88' lang='lat' dir='ltr'>librosa</span> <span class='ocrx_word' id='word_1_7' title='bbox 886 809 930 858; x_wconf 90' lang='lat' dir='ltr'>m.</span> <span class='ocrx_word' id='word_1_8' title='bbox 950 787 1184 858; x_wconf 87' lang='lat' dir='ltr'>Sacrolumbalis</span> <span class='ocrx_word' id='word_1_9' title='bbox 1196 795 1227 856; x_wconf 88' lang='lat' dir='ltr'>et</span> <span class='ocrx_word' id='word_1_10' title='bbox 1239 785 1422 877; x_wconf 79' lang='lat' dir='ltr'>longissimi</span> <span class='ocrx_word' id='word_1_11' title='bbox 1440 784 1535 867; x_wconf 87' lang='lat' dir='ltr'>dorsi,</span> <span class='ocrx_word' id='word_1_12' title='bbox 1555 803 1684 875; x_wconf 85' lang='lat' dir='ltr'>aponen·</span> 
     </span>
     <span class='ocr_line' id='line_1_3' title="bbox 359 899 1686 984; baseline 0.002 -15"><span class='ocrx_word' id='word_1_13' title='bbox 359 903 421 969; x_wconf 87' lang='lat' dir='ltr'>rosi</span> <span class='ocrx_word' id='word_1_14' title='bbox 439 899 648 969; x_wconf 91' lang='lat' dir='ltr'>lumbodursali</span> <span class='ocrx_word' id='word_1_15' title='bbox 667 901 806 972; x_wconf 81' lang='lat' dir='ltr'>dormale.</span> <span class='ocrx_word' id='word_1_16' title='bbox 825 940 874 953; x_wconf 93' lang='lat'>-</span> <span class='ocrx_word' id='word_1_17' title='bbox 890 924 916 971; x_wconf 82' lang='lat' dir='ltr'>r.</span> <span class='ocrx_word' id='word_1_18' title='bbox 938 901 985 972; x_wconf 87' lang='lat' dir='ltr'>M.</span> <span class='ocrx_word' id='word_1_19' title='bbox 1005 900 1177 984; x_wconf 75' lang='lat' dir='ltr'>Quadratus</span> <span class='ocrx_word' id='word_1_20' title='bbox 1195 903 1375 970; x_wconf 89' lang='lat' dir='ltr'>lumborum.</span> <span class='ocrx_word' id='word_1_21' title='bbox 1399 939 1443 954; x_wconf 89' lang='lat'>·-</span> <span class='ocrx_word' id='word_1_22' title='bbox 1461 913 1486 971; x_wconf 87' lang='lat' dir='ltr'>t.</span> <span class='ocrx_word' id='word_1_23' title='bbox 1506 901 1554 973; x_wconf 88' lang='grc' dir='ltr'>Μ.</span> <span class='ocrx_word' id='word_1_24' title='bbox 1573 899 1686 972; x_wconf 86' lang='lat' dir='ltr'>Sacro·</span> 
     </span>
     <span class='ocr_line' id='line_1_4' title="bbox 360 1013 1682 1108; baseline 0.004 -27"><span class='ocrx_word' id='word_1_25' title='bbox 360 1014 510 1082; x_wconf 85' lang='lat' dir='ltr'>lumbulis.</span> <span class='ocrx_word' id='word_1_26' title='bbox 529 1051 580 1066; x_wconf 90' lang='lat'><em>-</em></span> <span class='ocrx_word' id='word_1_27' title='bbox 595 1036 630 1082; x_wconf 80' lang='lat' dir='ltr'>u.</span> <span class='ocrx_word' id='word_1_28' title='bbox 652 1013 698 1084; x_wconf 88' lang='lat' dir='ltr'>bt.</span> <span class='ocrx_word' id='word_1_29' title='bbox 721 1016 929 1108; x_wconf 74' lang='lat' dir='ltr'>longissimus</span> <span class='ocrx_word' id='word_1_30' title='bbox 948 1015 1043 1085; x_wconf 86' lang='lat' dir='ltr'>dorsi.</span> <span class='ocrx_word' id='word_1_31' title='bbox 1061 1057 1108 1070; x_wconf 91' lang='lat'><em>-</em></span> <span class='ocrx_word' id='word_1_32' title='bbox 1124 1039 1155 1087; x_wconf 88' lang='lat' dir='ltr'>o.</span> <span class='ocrx_word' id='word_1_33' title='bbox 1177 1040 1208 1086; x_wconf 91' lang='lat' dir='ltr'>u.</span> <span class='ocrx_word' id='word_1_34' title='bbox 1229 1039 1261 1085; x_wconf 87' lang='lat' dir='ltr'>v.</span> <span class='ocrx_word' id='word_1_35' title='bbox 1289 1014 1415 1085; x_wconf 79' lang='lat' dir='ltr'>Lamina</span> <span class='ocrx_word' id='word_1_36' title='bbox 1434 1017 1585 1103; x_wconf 88' lang='lat' dir='ltr'>parielalis</span> <span class='ocrx_word' id='word_1_37' title='bbox 1601 1017 1682 1105; x_wconf 86' lang='lat' dir='ltr'>peri·</span> 
     </span>
     <span class='ocr_line' id='line_1_5' title="bbox 361 1129 1682 1200; baseline 0.003 -4"><span class='ocrx_word' id='word_1_38' title='bbox 361 1130 457 1196; x_wconf 88' lang='lat' dir='ltr'>tnnaei</span> <span class='ocrx_word' id='word_1_39' title='bbox 482 1131 594 1196; x_wconf 84' lang='lat' dir='ltr'>lasciuo</span> <span class='ocrx_word' id='word_1_40' title='bbox 619 1139 807 1199; x_wconf 83' lang='lat' dir='ltr'>transuersae</span> <span class='ocrx_word' id='word_1_41' title='bbox 832 1133 1026 1200; x_wconf 89' lang='lat' dir='ltr'>accumbens.</span> <span class='ocrx_word' id='word_1_42' title='bbox 1046 1171 1095 1186; x_wconf 90' lang='lat'><em>-</em></span> <span class='ocrx_word' id='word_1_43' title='bbox 1111 1131 1169 1200; x_wconf 87' lang='lat' dir='ltr'>n”.</span> <span class='ocrx_word' id='word_1_44' title='bbox 1189 1130 1257 1200; x_wconf 83' lang='lat' dir='ltr'>ro&#39;&#39;.</span> <span class='ocrx_word' id='word_1_45' title='bbox 1278 1130 1378 1200; x_wconf 87' lang='lat' dir='ltr'>Locus</span> <span class='ocrx_word' id='word_1_46' title='bbox 1400 1129 1531 1198; x_wconf 83' lang='lat' dir='ltr'>fissionis</span> <span class='ocrx_word' id='word_1_47' title='bbox 1548 1139 1578 1200; x_wconf 89' lang='lat' dir='ltr'>et</span> <span class='ocrx_word' id='word_1_48' title='bbox 1595 1131 1682 1200; x_wconf 88' lang='lat' dir='ltr'>inllu-</span> 
     </span>
     <span class='ocr_line' id='line_1_6' title="bbox 358 1245 1680 1334; baseline 0.002 -22"><span class='ocrx_word' id='word_1_49' title='bbox 358 1247 454 1313; x_wconf 82' lang='lat' dir='ltr'>nionis</span> <span class='ocrx_word' id='word_1_50' title='bbox 472 1245 634 1334; x_wconf 88' lang='lat' dir='ltr'>peritonaei</span> <span class='ocrx_word' id='word_1_51' title='bbox 651 1246 802 1331; x_wconf 89' lang='lat' dir='ltr'>parietalis</span> <span class='ocrx_word' id='word_1_52' title='bbox 820 1247 850 1318; x_wconf 87' lang='lat' dir='ltr'>ln</span> <span class='ocrx_word' id='word_1_53' title='bbox 867 1246 993 1314; x_wconf 89' lang='lat' dir='ltr'>laminas</span> <span class='ocrx_word' id='word_1_54' title='bbox 1011 1257 1149 1316; x_wconf 79' lang='lat' dir='ltr'>externas</span> <span class='ocrx_word' id='word_1_55' title='bbox 1163 1247 1304 1316; x_wconf 86' lang='lat' dir='ltr'>mesoooli</span> <span class='ocrx_word' id='word_1_56' title='bbox 1318 1247 1503 1314; x_wconf 87' lang='lat' dir='ltr'>ascendentis</span> <span class='ocrx_word' id='word_1_57' title='bbox 1515 1257 1545 1314; x_wconf 90' lang='lat' dir='ltr'>et</span> <span class='ocrx_word' id='word_1_58' title='bbox 1557 1247 1680 1314; x_wconf 87' lang='lat' dir='ltr'>descen·</span> 
     </span>
     <span class='ocr_line' id='line_1_7' title="bbox 356 1359 1680 1448; baseline 0.002 -21"><span class='ocrx_word' id='word_1_59' title='bbox 356 1360 463 1428; x_wconf 85' lang='lat' dir='ltr'>dentis.</span> <span class='ocrx_word' id='word_1_60' title='bbox 492 1359 616 1428; x_wconf 81' lang='lat' dir='ltr'>Lamina</span> <span class='ocrx_word' id='word_1_61' title='bbox 642 1361 793 1447; x_wconf 91' lang='lat' dir='ltr'>parietalis</span> <span class='ocrx_word' id='word_1_62' title='bbox 818 1362 992 1448; x_wconf 71' lang='lat' dir='ltr'>perituram,</span> <span class='ocrx_word' id='word_1_63' title='bbox 1020 1362 1084 1429; x_wconf 91' lang='lat' dir='ltr'>luco</span> <span class='ocrx_word' id='word_1_64' title='bbox 1112 1363 1277 1431; x_wconf 85' lang='lat' dir='ltr'>lullonionis</span> <span class='ocrx_word' id='word_1_65' title='bbox 1302 1361 1418 1440; x_wconf 86' lang='lat' dir='ltr'>bilissa,</span> <span class='ocrx_word' id='word_1_66' title='bbox 1446 1383 1487 1428; x_wconf 83' lang='lat' dir='ltr'>eo.</span> <span class='ocrx_word' id='word_1_67' title='bbox 1512 1383 1554 1430; x_wconf 86' lang='lat' dir='ltr'>no.</span> <span class='ocrx_word' id='word_1_68' title='bbox 1575 1361 1680 1430; x_wconf 89' lang='lat' dir='ltr'>lamel-</span> 
     </span>
     <span class='ocr_line' id='line_1_8' title="bbox 355 1475 1680 1564; baseline 0.002 -20"><span class='ocrx_word' id='word_1_69' title='bbox 355 1477 414 1544; x_wconf 87' lang='lat' dir='ltr'>lam</span> <span class='ocrx_word' id='word_1_70' title='bbox 432 1485 549 1543; x_wconf 84' lang='lat' dir='ltr'>tenuem</span> <span class='ocrx_word' id='word_1_71' title='bbox 568 1475 752 1560; x_wconf 86' lang='lat' dir='ltr'>cellulosam,</span> <span class='ocrx_word' id='word_1_72' title='bbox 773 1477 825 1543; x_wconf 90' lang='lat' dir='ltr'>sed</span> <span class='ocrx_word' id='word_1_73' title='bbox 842 1477 976 1561; x_wconf 87' lang='lat' dir='ltr'>densam,</span> <span class='ocrx_word' id='word_1_74' title='bbox 996 1478 1055 1544; x_wconf 90' lang='lat' dir='ltr'>imo</span> <span class='ocrx_word' id='word_1_75' title='bbox 1073 1490 1225 1564; x_wconf 87' lang='lat' dir='ltr'>aspectum</span> <span class='ocrx_word' id='word_1_76' title='bbox 1243 1477 1435 1544; x_wconf 80' lang='lat' dir='ltr'>membranae</span> <span class='ocrx_word' id='word_1_77' title='bbox 1452 1496 1573 1545; x_wconf 80' lang='lat' dir='ltr'>setosae</span> <span class='ocrx_word' id='word_1_78' title='bbox 1591 1497 1680 1546; x_wconf 87' lang='lat' dir='ltr'>uerae</span> 
     </span>
     <span class='ocr_line' id='line_1_9' title="bbox 355 1591 1678 1678; baseline 0.002 -21"><span class='ocrx_word' id='word_1_79' title='bbox 355 1591 547 1678; x_wconf 72' lang='lat' dir='ltr'>praebentem</span> <span class='ocrx_word' id='word_1_80' title='bbox 565 1591 702 1673; x_wconf 89' lang='lat' dir='ltr'>demittit,</span> <span class='ocrx_word' id='word_1_81' title='bbox 727 1592 764 1658; x_wconf 92' lang='lat' dir='ltr'>ad</span> <span class='ocrx_word' id='word_1_82' title='bbox 781 1592 887 1658; x_wconf 90' lang='lat' dir='ltr'>laciem</span> <span class='ocrx_word' id='word_1_83' title='bbox 908 1602 1055 1677; x_wconf 90' lang='lat' dir='ltr'>posteram</span> <span class='ocrx_word' id='word_1_84' title='bbox 1073 1592 1130 1660; x_wconf 88' lang='lat' dir='ltr'>coli</span> <span class='ocrx_word' id='word_1_85' title='bbox 1148 1593 1335 1659; x_wconf 89' lang='lat' dir='ltr'>ascendentis</span> <span class='ocrx_word' id='word_1_86' title='bbox 1358 1600 1386 1659; x_wconf 88' lang='lat' dir='ltr'>et</span> <span class='ocrx_word' id='word_1_87' title='bbox 1403 1592 1609 1660; x_wconf 90' lang='lat' dir='ltr'>descendentis</span> <span class='ocrx_word' id='word_1_88' title='bbox 1631 1593 1678 1660; x_wconf 91' lang='lat' dir='ltr'>ln·</span> 
     </span>
     <span class='ocr_line' id='line_1_10' title="bbox 355 1704 1679 1794; baseline 0.002 -20"><span class='ocrx_word' id='word_1_89' title='bbox 355 1707 539 1774; x_wconf 72' lang='lat' dir='ltr'>soluendam.</span> <span class='ocrx_word' id='word_1_90' title='bbox 567 1704 741 1782; x_wconf 87' lang='lat' dir='ltr'>Praeterea,</span> <span class='ocrx_word' id='word_1_91' title='bbox 761 1707 792 1773; x_wconf 90' lang='lat' dir='ltr'>in</span> <span class='ocrx_word' id='word_1_92' title='bbox 809 1707 901 1773; x_wconf 89' lang='lat' dir='ltr'>latere</span> <span class='ocrx_word' id='word_1_93' title='bbox 915 1708 1036 1775; x_wconf 89' lang='lat' dir='ltr'>sinistro</span> <span class='ocrx_word' id='word_1_94' title='bbox 1049 1707 1190 1789; x_wconf 84' lang='lat' dir='ltr'>lissionis,</span> <span class='ocrx_word' id='word_1_95' title='bbox 1208 1707 1317 1773; x_wconf 91' lang='lat' dir='ltr'>lamina</span> <span class='ocrx_word' id='word_1_96' title='bbox 1335 1706 1488 1793; x_wconf 90' lang='lat' dir='ltr'>parietalis</span> <span class='ocrx_word' id='word_1_97' title='bbox 1513 1709 1679 1794; x_wconf 88' lang='lat' dir='ltr'>peritonaoi</span> 
     </span>
     <span class='ocr_line' id='line_1_11' title="bbox 355 1817 1675 1910; baseline 0 -20"><span class='ocrx_word' id='word_1_98' title='bbox 355 1843 410 1910; x_wconf 90' lang='lat' dir='ltr'>ope</span> <span class='ocrx_word' id='word_1_99' title='bbox 435 1819 562 1890; x_wconf 86' lang='lat' dir='ltr'>laminae</span> <span class='ocrx_word' id='word_1_100' title='bbox 580 1823 728 1888; x_wconf 87' lang='lat' dir='ltr'>cellularis</span> <span class='ocrx_word' id='word_1_101' title='bbox 746 1842 813 1888; x_wconf 89' lang='lat' dir='ltr'>cum</span> <span class='ocrx_word' id='word_1_102' title='bbox 831 1821 922 1888; x_wconf 87' lang='lat' dir='ltr'>lasoia</span> <span class='ocrx_word' id='word_1_103' title='bbox 941 1821 1029 1888; x_wconf 89' lang='lat' dir='ltr'>iliaca</span> <span class='ocrx_word' id='word_1_104' title='bbox 1056 1824 1137 1889; x_wconf 89' lang='lat' dir='ltr'>unita</span> <span class='ocrx_word' id='word_1_105' title='bbox 1154 1829 1211 1889; x_wconf 89' lang='lat' dir='ltr'>est.</span> <span class='ocrx_word' id='word_1_106' title='bbox 1232 1859 1281 1874; x_wconf 92' lang='lat'><em>-</em></span> <span class='ocrx_word' id='word_1_107' title='bbox 1297 1818 1353 1890; x_wconf 85' lang='lat' dir='ltr'>u”.</span> <span class='ocrx_word' id='word_1_108' title='bbox 1374 1817 1443 1888; x_wconf 86' lang='lat' dir='ltr'>v’&#39;&#39;.</span> <span class='ocrx_word' id='word_1_109' title='bbox 1463 1819 1531 1889; x_wconf 86' lang='lat' dir='ltr'>c’&#39;&#39;.</span> <span class='ocrx_word' id='word_1_110' title='bbox 1552 1817 1675 1890; x_wconf 81' lang='lat' dir='ltr'>Transi·</span> 
     </span>
     <span class='ocr_line' id='line_1_12' title="bbox 354 1933 1677 2026; baseline -0.001 -21"><span class='ocrx_word' id='word_1_111' title='bbox 354 1948 402 2006; x_wconf 89' lang='lat' dir='ltr'>tus</span> <span class='ocrx_word' id='word_1_112' title='bbox 418 1939 594 2007; x_wconf 85' lang='lat' dir='ltr'>laminarum</span> <span class='ocrx_word' id='word_1_113' title='bbox 613 1939 755 2005; x_wconf 89' lang='lat' dir='ltr'>mesoooli</span> <span class='ocrx_word' id='word_1_114' title='bbox 774 1933 973 2026; x_wconf 86' lang='lat' dir='ltr'>(ascendentis</span> <span class='ocrx_word' id='word_1_115' title='bbox 991 1947 1020 2004; x_wconf 91' lang='lat' dir='ltr'>et</span> <span class='ocrx_word' id='word_1_116' title='bbox 1037 1939 1254 2022; x_wconf 81' lang='lat' dir='ltr'>descendentis)</span> <span class='ocrx_word' id='word_1_117' title='bbox 1275 1939 1305 2004; x_wconf 92' lang='lat' dir='ltr'>in</span> <span class='ocrx_word' id='word_1_118' title='bbox 1322 1938 1452 2025; x_wconf 88' lang='lat' dir='ltr'>parietes</span> <span class='ocrx_word' id='word_1_119' title='bbox 1480 1933 1629 2026; x_wconf 82' lang='lat' dir='ltr'>(doxtrum</span> <span class='ocrx_word' id='word_1_120' title='bbox 1645 1945 1677 2005; x_wconf 92' lang='lat' dir='ltr'>ot</span> 
     </span>
     <span class='ocr_line' id='line_1_13' title="bbox 352 2047 1675 2147; baseline 0 -26"><span class='ocrx_word' id='word_1_121' title='bbox 352 2051 522 2147; x_wconf 89' lang='lat' dir='ltr'>sinistrum)</span> <span class='ocrx_word' id='word_1_122' title='bbox 541 2055 713 2120; x_wconf 88' lang='lat' dir='ltr'>meseotcrii</span> <span class='ocrx_word' id='word_1_123' title='bbox 729 2063 757 2120; x_wconf 92' lang='lat' dir='ltr'>et</span> <span class='ocrx_word' id='word_1_124' title='bbox 774 2054 856 2120; x_wconf 85' lang='lat' dir='ltr'>radin</span> <span class='ocrx_word' id='word_1_125' title='bbox 875 2054 1047 2120; x_wconf 88' lang='lat' dir='ltr'>meseuterli</span> <span class='ocrx_word' id='word_1_126' title='bbox 1067 2049 1157 2142; x_wconf 90' lang='lat' dir='ltr'>(inter</span> <span class='ocrx_word' id='word_1_127' title='bbox 1174 2049 1242 2120; x_wconf 88' lang='lat' dir='ltr'><em>v’&#39;&#39;.</em></span> <span class='ocrx_word' id='word_1_128' title='bbox 1261 2048 1361 2138; x_wconf 81' lang='lat' dir='ltr'>u&#39;&#39;&#39;.).</span> <span class='ocrx_word' id='word_1_129' title='bbox 1383 2087 1431 2102; x_wconf 91' lang='lat'><em>-</em></span> <span class='ocrx_word' id='word_1_130' title='bbox 1447 2073 1485 2118; x_wconf 81' lang='lat' dir='ltr'>oc.</span> <span class='ocrx_word' id='word_1_131' title='bbox 1510 2047 1602 2118; x_wconf 90' lang='lat' dir='ltr'>Colon</span> <span class='ocrx_word' id='word_1_132' title='bbox 1623 2051 1675 2121; x_wconf 89' lang='lat' dir='ltr'>de·</span> 
     </span>
     <span class='ocr_line' id='line_1_14' title="bbox 354 2163 1675 2256; baseline -0.003 -19"><span class='ocrx_word' id='word_1_133' title='bbox 354 2170 512 2253; x_wconf 88' lang='lat' dir='ltr'>scendens‚</span> <span class='ocrx_word' id='word_1_134' title='bbox 530 2169 566 2236; x_wconf 93' lang='lat' dir='ltr'>ad</span> <span class='ocrx_word' id='word_1_135' title='bbox 584 2168 603 2238; x_wconf 83' lang='lat'>3</span> <span class='ocrx_word' id='word_1_136' title='bbox 618 2167 677 2255; x_wconf 91' lang='lat' dir='ltr'>pol.</span> <span class='ocrx_word' id='word_1_137' title='bbox 698 2166 771 2236; x_wconf 90' lang='lat' dir='ltr'>Par.</span> <span class='ocrx_word' id='word_1_138' title='bbox 787 2187 875 2256; x_wconf 88' lang='lat' dir='ltr'>supra</span> <span class='ocrx_word' id='word_1_139' title='bbox 889 2167 1034 2236; x_wconf 87' lang='lat' dir='ltr'>llenuram</span> <span class='ocrx_word' id='word_1_140' title='bbox 1049 2167 1252 2255; x_wconf 75' lang='lat' dir='ltr'>sygmoideam</span> <span class='ocrx_word' id='word_1_141' title='bbox 1270 2173 1452 2253; x_wconf 88' lang='lat' dir='ltr'>perseotnm.</span> <span class='ocrx_word' id='word_1_142' title='bbox 1468 2203 1513 2215; x_wconf 94' lang='lat'>-</span> <span class='ocrx_word' id='word_1_143' title='bbox 1529 2187 1565 2255; x_wconf 81' lang='lat' dir='ltr'>p.</span> <span class='ocrx_word' id='word_1_144' title='bbox 1581 2163 1675 2235; x_wconf 90' lang='lat' dir='ltr'>Colon</span> 
     </span>
     <span class='ocr_line' id='line_1_15' title="bbox 352 2277 1674 2372; baseline -0.002 -19"><span class='ocrx_word' id='word_1_145' title='bbox 352 2285 530 2366; x_wconf 88' lang='lat' dir='ltr'>ascendens,</span> <span class='ocrx_word' id='word_1_146' title='bbox 547 2284 582 2352; x_wconf 92' lang='lat' dir='ltr'>ad</span> <span class='ocrx_word' id='word_1_147' title='bbox 598 2283 617 2352; x_wconf 82' lang='lat'><strong>3</strong></span> <span class='ocrx_word' id='word_1_148' title='bbox 633 2282 692 2370; x_wconf 91' lang='lat' dir='ltr'>pol.</span> <span class='ocrx_word' id='word_1_149' title='bbox 709 2304 798 2372; x_wconf 91' lang='lat' dir='ltr'>snpra</span> <span class='ocrx_word' id='word_1_150' title='bbox 813 2285 984 2351; x_wconf 87' lang='lat' dir='ltr'>intestinum</span> <span class='ocrx_word' id='word_1_151' title='bbox 998 2301 1119 2351; x_wconf 90' lang='lat' dir='ltr'>coecum</span> <span class='ocrx_word' id='word_1_152' title='bbox 1133 2292 1312 2372; x_wconf 88' lang='lat' dir='ltr'>persectnm.</span> <span class='ocrx_word' id='word_1_153' title='bbox 1323 2319 1369 2332; x_wconf 92' lang='lat'>—</span> <span class='ocrx_word' id='word_1_154' title='bbox 1383 2303 1414 2349; x_wconf 80' lang='lat' dir='ltr'>z.</span> <span class='ocrx_word' id='word_1_155' title='bbox 1431 2303 1463 2347; x_wconf 82' lang='lat' dir='ltr'>z.</span> <span class='ocrx_word' id='word_1_156' title='bbox 1479 2302 1512 2348; x_wconf 76' lang='lat' dir='ltr'>a.</span> <span class='ocrx_word' id='word_1_157' title='bbox 1528 2301 1561 2349; x_wconf 81' lang='lat' dir='ltr'>z.</span> <span class='ocrx_word' id='word_1_158' title='bbox 1578 2277 1674 2351; x_wconf 73' lang='lat' dir='ltr'>ansa</span> 
     </span>
     <span class='ocr_line' id='line_1_16' title="bbox 348 2397 1671 2486; baseline -0.002 -20"><span class='ocrx_word' id='word_1_159' title='bbox 348 2401 552 2468; x_wconf 88' lang='lat' dir='ltr'>intestinorum</span> <span class='ocrx_word' id='word_1_160' title='bbox 571 2401 717 2481; x_wconf 89' lang='lat' dir='ltr'>tenuium,</span> <span class='ocrx_word' id='word_1_161' title='bbox 737 2419 773 2466; x_wconf 82' lang='lat' dir='ltr'>en</span> <span class='ocrx_word' id='word_1_162' title='bbox 789 2407 871 2485; x_wconf 89' lang='lat' dir='ltr'>parte</span> <span class='ocrx_word' id='word_1_163' title='bbox 888 2398 1014 2481; x_wconf 82' lang='lat' dir='ltr'>liberae,</span> <span class='ocrx_word' id='word_1_164' title='bbox 1037 2420 1072 2467; x_wconf 84' lang='lat' dir='ltr'>ex</span> <span class='ocrx_word' id='word_1_165' title='bbox 1090 2409 1172 2486; x_wconf 90' lang='lat' dir='ltr'>parte</span> <span class='ocrx_word' id='word_1_166' title='bbox 1189 2419 1259 2465; x_wconf 89' lang='lat' dir='ltr'>uero</span> <span class='ocrx_word' id='word_1_167' title='bbox 1277 2398 1455 2464; x_wconf 88' lang='lat' dir='ltr'>mesenterio</span> <span class='ocrx_word' id='word_1_168' title='bbox 1474 2397 1671 2465; x_wconf 81' lang='lat' dir='ltr'>adnexae.-</span> 
     </span>
     <span class='ocr_line' id='line_1_17' title="bbox 346 2509 1670 2610; baseline -0.003 -30"><span class='ocrx_word' id='word_1_169' title='bbox 346 2535 399 2584; x_wconf 72' lang='grc' dir='ltr'>ιι.</span> <span class='ocrx_word' id='word_1_170' title='bbox 427 2510 586 2580; x_wconf 88' lang='lat' dir='ltr'>Omentum</span> <span class='ocrx_word' id='word_1_171' title='bbox 605 2512 700 2600; x_wconf 87' lang='lat' dir='ltr'>majus</span> <span class='ocrx_word' id='word_1_172' title='bbox 718 2515 748 2578; x_wconf 91' lang='lat' dir='ltr'>in</span> <span class='ocrx_word' id='word_1_173' title='bbox 766 2533 837 2579; x_wconf 85' lang='lat' dir='ltr'>cavo</span> <span class='ocrx_word' id='word_1_174' title='bbox 855 2513 1018 2599; x_wconf 88' lang='lat' dir='ltr'>peritonaci</span> <span class='ocrx_word' id='word_1_175' title='bbox 1035 2511 1128 2581; x_wconf 88' lang='lat' dir='ltr'>libere</span> <span class='ocrx_word' id='word_1_176' title='bbox 1145 2523 1264 2580; x_wconf 90' lang='lat' dir='ltr'>natans.</span> <span class='ocrx_word' id='word_1_177' title='bbox 1279 2550 1329 2562; x_wconf 95' lang='lat'><em>-</em></span> <span class='ocrx_word' id='word_1_178' title='bbox 1356 2512 1390 2581; x_wconf 91' lang='lat' dir='ltr'>l.</span> <span class='ocrx_word' id='word_1_179' title='bbox 1418 2509 1512 2610; x_wconf 77' lang='lat' dir='ltr'>Aorta</span> <span class='ocrx_word' id='word_1_180' title='bbox 1539 2511 1670 2577; x_wconf 91' lang='lat' dir='ltr'>abdomi-</span> 
     </span>
     <span class='ocr_line' id='line_1_18' title="bbox 348 2623 1672 2714; baseline -0.002 -18"><span class='ocrx_word' id='word_1_181' title='bbox 348 2629 423 2696; x_wconf 91' lang='lat' dir='ltr'>nalis</span> <span class='ocrx_word' id='word_1_182' title='bbox 437 2629 473 2698; x_wconf 93' lang='lat' dir='ltr'>ad</span> <span class='ocrx_word' id='word_1_183' title='bbox 488 2627 507 2696; x_wconf 88' lang='grc'>3</span> <span class='ocrx_word' id='word_1_184' title='bbox 522 2627 576 2697; x_wconf 88' lang='lat' dir='ltr'>lin.</span> <span class='ocrx_word' id='word_1_185' title='bbox 592 2625 664 2695; x_wconf 88' lang='lat' dir='ltr'>Par.</span> <span class='ocrx_word' id='word_1_186' title='bbox 681 2647 771 2714; x_wconf 86' lang='lat' dir='ltr'>supra</span> <span class='ocrx_word' id='word_1_187' title='bbox 785 2627 1011 2695; x_wconf 84' lang='lat' dir='ltr'>biturcatlonem</span> <span class='ocrx_word' id='word_1_188' title='bbox 1031 2629 1060 2694; x_wconf 91' lang='lat' dir='ltr'>in</span> <span class='ocrx_word' id='word_1_189' title='bbox 1074 2629 1200 2695; x_wconf 72' lang='lat' dir='ltr'>arterias</span> <span class='ocrx_word' id='word_1_190' title='bbox 1218 2628 1320 2695; x_wconf 90' lang='lat' dir='ltr'>iliacas</span> <span class='ocrx_word' id='word_1_191' title='bbox 1334 2627 1569 2714; x_wconf 73' lang='lat' dir='ltr'>persocia-b.</span> <span class='ocrx_word' id='word_1_192' title='bbox 1585 2623 1672 2694; x_wconf 85' lang='lat' dir='ltr'>Vena</span> 
     </span>
     <span class='ocr_line' id='line_1_19' title="bbox 348 2739 1670 2832; baseline -0.002 -21"><span class='ocrx_word' id='word_1_193' title='bbox 348 2763 420 2811; x_wconf 88' lang='lat' dir='ltr'>caua</span> <span class='ocrx_word' id='word_1_194' title='bbox 439 2743 573 2811; x_wconf 81' lang='lat' dir='ltr'>interior.</span> <span class='ocrx_word' id='word_1_195' title='bbox 593 2743 629 2809; x_wconf 92' lang='lat' dir='ltr'>ad</span> <span class='ocrx_word' id='word_1_196' title='bbox 649 2743 667 2810; x_wconf 89' lang='lat'>7</span> <span class='ocrx_word' id='word_1_197' title='bbox 686 2743 740 2810; x_wconf 94' lang='lat' dir='ltr'>lin.</span> <span class='ocrx_word' id='word_1_198' title='bbox 760 2739 832 2810; x_wconf 90' lang='lat' dir='ltr'>Par.</span> <span class='ocrx_word' id='word_1_199' title='bbox 852 2762 941 2829; x_wconf 88' lang='lat' dir='ltr'>supra</span> <span class='ocrx_word' id='word_1_200' title='bbox 960 2742 1127 2810; x_wconf 88' lang='lat' dir='ltr'>conllunnm</span> <span class='ocrx_word' id='word_1_201' title='bbox 1145 2763 1286 2811; x_wconf 85' lang='lat' dir='ltr'>uenarum</span> <span class='ocrx_word' id='word_1_202' title='bbox 1304 2744 1458 2812; x_wconf 90' lang='lat' dir='ltr'>illacarum</span> <span class='ocrx_word' id='word_1_203' title='bbox 1472 2752 1670 2832; x_wconf 73' lang='lat' dir='ltr'>persecta.&#39;··-</span> 
     </span>
     <span class='ocr_line' id='line_1_20' title="bbox 348 2853 1670 2928; baseline -0.002 0"><span class='ocrx_word' id='word_1_204' title='bbox 348 2857 384 2928; x_wconf 83' lang='grc'>3.</span> <span class='ocrx_word' id='word_1_205' title='bbox 404 2853 527 2927; x_wconf 73' lang='lat' dir='ltr'>Arteria</span> <span class='ocrx_word' id='word_1_206' title='bbox 545 2859 740 2927; x_wconf 90' lang='lat' dir='ltr'>mesenterioa</span> <span class='ocrx_word' id='word_1_207' title='bbox 760 2859 893 2926; x_wconf 89' lang='lat' dir='ltr'>inlerior.</span> <span class='ocrx_word' id='word_1_208' title='bbox 913 2895 961 2911; x_wconf 92' lang='lat'>—-</span> <span class='ocrx_word' id='word_1_209' title='bbox 979 2859 1013 2926; x_wconf 82' lang='lat' dir='ltr'>d.</span> <span class='ocrx_word' id='word_1_210' title='bbox 1042 2855 1151 2927; x_wconf 82' lang='lat' dir='ltr'>Uretur</span> <span class='ocrx_word' id='word_1_211' title='bbox 1176 2858 1276 2926; x_wconf 83' lang='lat' dir='ltr'>denter</span> <span class='ocrx_word' id='word_1_212' title='bbox 1294 2867 1323 2925; x_wconf 93' lang='lat' dir='ltr'>et</span> <span class='ocrx_word' id='word_1_213' title='bbox 1338 2895 1386 2910; x_wconf 90' lang='lat'>-</span> <span class='ocrx_word' id='word_1_214' title='bbox 1405 2859 1439 2927; x_wconf 88' lang='lat'>5.</span> <span class='ocrx_word' id='word_1_215' title='bbox 1468 2859 1600 2927; x_wconf 73' lang='lat' dir='ltr'>sinister.</span> <span class='ocrx_word' id='word_1_216' title='bbox 1621 2893 1670 2910; x_wconf 89' lang='lat'>-</span> 
     </span>
     <span class='ocr_line' id='line_1_21' title="bbox 348 2969 1519 3062; baseline -0.003 -19"><span class='ocrx_word' id='word_1_217' title='bbox 348 2972 381 3043; x_wconf 88' lang='grc'>6.</span> <span class='ocrx_word' id='word_1_218' title='bbox 401 2971 434 3043; x_wconf 77' lang='lat' dir='ltr'>d.</span> <span class='ocrx_word' id='word_1_219' title='bbox 449 2971 598 3041; x_wconf 85' lang='lat' dir='ltr'>Tendines</span> <span class='ocrx_word' id='word_1_220' title='bbox 615 2974 744 3041; x_wconf 90' lang='lat' dir='ltr'>musonii</span> <span class='ocrx_word' id='word_1_221' title='bbox 760 2970 879 3041; x_wconf 90' lang='lat' dir='ltr'>Psoatis</span> <span class='ocrx_word' id='word_1_222' title='bbox 895 2975 1033 3042; x_wconf 89' lang='lat' dir='ltr'>minoris.</span> <span class='ocrx_word' id='word_1_223' title='bbox 1053 3011 1101 3025; x_wconf 91' lang='lat'>-</span> <span class='ocrx_word' id='word_1_224' title='bbox 1120 2973 1153 3042; x_wconf 88' lang='lat'>7.</span> <span class='ocrx_word' id='word_1_225' title='bbox 1176 2973 1209 3041; x_wconf 87' lang='lat'>7.</span> <span class='ocrx_word' id='word_1_226' title='bbox 1230 2969 1312 3042; x_wconf 80' lang='lat' dir='ltr'>Vasa</span> <span class='ocrx_word' id='word_1_227' title='bbox 1330 2973 1519 3062; x_wconf 77' lang='lat' dir='ltr'>spermatico.</span> 
     </span>
    </p>
   </div>
   <div class='ocr_carea' id='block_1_3' title="bbox 341 3171 1667 3526">
    <p class='ocr_par' dir='ltr' id='par_1_3' title="bbox 341 3171 1667 3526">
     <span class='ocr_line' id='line_1_22' title="bbox 391 3171 1667 3268; baseline -0.001 -25"><span class='ocrx_word' id='word_1_228' title='bbox 391 3171 470 3268; x_wconf 74' lang='lat' dir='ltr'>urg.</span> <span class='ocrx_word' id='word_1_229' title='bbox 493 3177 526 3245; x_wconf 88' lang='grc'>3.</span> <span class='ocrx_word' id='word_1_230' title='bbox 546 3173 648 3246; x_wconf 82' lang='lat' dir='ltr'>Sestio</span> <span class='ocrx_word' id='word_1_231' title='bbox 666 3187 818 3245; x_wconf 82' lang='lat' dir='ltr'>tranversa</span> <span class='ocrx_word' id='word_1_232' title='bbox 837 3178 872 3245; x_wconf 93' lang='lat' dir='ltr'>ad</span> <span class='ocrx_word' id='word_1_233' title='bbox 894 3177 909 3244; x_wconf 92' lang='lat' dir='ltr'>l</span> <span class='ocrx_word' id='word_1_234' title='bbox 929 3176 1002 3264; x_wconf 88' lang='lat' dir='ltr'>poll.</span> <span class='ocrx_word' id='word_1_235' title='bbox 1022 3172 1095 3246; x_wconf 89' lang='lat' dir='ltr'>Par.</span> <span class='ocrx_word' id='word_1_236' title='bbox 1116 3185 1146 3245; x_wconf 89' lang='lat' dir='ltr'>et</span> <span class='ocrx_word' id='word_1_237' title='bbox 1164 3177 1183 3252; x_wconf 83' lang='grc'>3</span> <span class='ocrx_word' id='word_1_238' title='bbox 1202 3177 1256 3244; x_wconf 92' lang='lat' dir='ltr'>lin.</span> <span class='ocrx_word' id='word_1_239' title='bbox 1277 3174 1351 3245; x_wconf 85' lang='lat' dir='ltr'>Par.</span> <span class='ocrx_word' id='word_1_240' title='bbox 1381 3195 1470 3264; x_wconf 87' lang='lat' dir='ltr'>supra</span> <span class='ocrx_word' id='word_1_241' title='bbox 1491 3175 1667 3243; x_wconf 88' lang='lat' dir='ltr'>umbilicum</span> 
     </span>
     <span class='ocr_line' id='line_1_23' title="bbox 342 3305 1664 3400; baseline -0.003 -23"><span class='ocrx_word' id='word_1_242' title='bbox 342 3319 372 3377; x_wconf 91' lang='lat' dir='ltr'>ot</span> <span class='ocrx_word' id='word_1_243' title='bbox 388 3329 441 3397; x_wconf 89' lang='lat' dir='ltr'>per</span> <span class='ocrx_word' id='word_1_244' title='bbox 458 3330 564 3399; x_wconf 91' lang='lat' dir='ltr'>corpus</span> <span class='ocrx_word' id='word_1_245' title='bbox 581 3311 735 3378; x_wconf 89' lang='lat' dir='ltr'>uertebrae</span> <span class='ocrx_word' id='word_1_246' title='bbox 752 3309 891 3377; x_wconf 92' lang='lat' dir='ltr'>lumbalis</span> <span class='ocrx_word' id='word_1_247' title='bbox 910 3310 976 3378; x_wconf 76' lang='lat'>3⁸0·</span> <span class='ocrx_word' id='word_1_248' title='bbox 999 3309 1035 3376; x_wconf 92' lang='lat' dir='ltr'>ad</span> <span class='ocrx_word' id='word_1_249' title='bbox 1049 3308 1069 3377; x_wconf 89' lang='lat'>5</span> <span class='ocrx_word' id='word_1_250' title='bbox 1084 3311 1138 3378; x_wconf 91' lang='lat' dir='ltr'>lin.</span> <span class='ocrx_word' id='word_1_251' title='bbox 1158 3305 1230 3378; x_wconf 91' lang='lat' dir='ltr'>Par.</span> <span class='ocrx_word' id='word_1_252' title='bbox 1252 3309 1328 3376; x_wconf 84' lang='lat' dir='ltr'>inira</span> <span class='ocrx_word' id='word_1_253' title='bbox 1349 3309 1556 3400; x_wconf 84' lang='lat' dir='ltr'>cartilaginem</span> <span class='ocrx_word' id='word_1_254' title='bbox 1572 3309 1664 3374; x_wconf 91' lang='lat' dir='ltr'>inter·</span> 
     </span>
     <span class='ocr_line' id='line_1_24' title="bbox 341 3441 668 3526; baseline 0.012 -20"><span class='ocrx_word' id='word_1_255' title='bbox 341 3441 549 3526; x_wconf 85' lang='lat' dir='ltr'>rerlebralem,</span> <span class='ocrx_word' id='word_1_256' title='bbox 570 3443 668 3510; x_wconf 87' lang='lat' dir='ltr'>ducta.</span> 
     </span>
    </p>
   </div>
   <div class='ocr_carea' id='block_1_4' title="bbox 375 3639 1664 3736">
    <p class='ocr_par' dir='ltr' id='par_1_4' title="bbox 375 3639 1664 3736">
     <span class='ocr_line' id='line_1_25' title="bbox 375 3639 1664 3736; baseline 0.002 -27"><span class='ocrx_word' id='word_1_257' title='bbox 375 3639 508 3710; x_wconf 84' lang='lat' dir='ltr'>Cadaver</span> <span class='ocrx_word' id='word_1_258' title='bbox 520 3643 647 3710; x_wconf 89' lang='lat' dir='ltr'>hominis</span> <span class='ocrx_word' id='word_1_259' title='bbox 661 3644 763 3711; x_wconf 89' lang='lat' dir='ltr'>adulti.</span> <span class='ocrx_word' id='word_1_260' title='bbox 778 3641 889 3712; x_wconf 88' lang='lat' dir='ltr'>Nullae</span> <span class='ocrx_word' id='word_1_261' title='bbox 903 3645 1080 3714; x_wconf 83' lang='lat' dir='ltr'>mutationes</span> <span class='ocrx_word' id='word_1_262' title='bbox 1094 3641 1256 3736; x_wconf 70' lang='lat' dir='ltr'>organicae</span> <span class='ocrx_word' id='word_1_263' title='bbox 1265 3647 1412 3713; x_wconf 89' lang='lat' dir='ltr'>uiscerum</span> <span class='ocrx_word' id='word_1_264' title='bbox 1425 3641 1556 3713; x_wconf 84' lang='lat' dir='ltr'>thoracis</span> <span class='ocrx_word' id='word_1_265' title='bbox 1568 3653 1598 3711; x_wconf 89' lang='lat' dir='ltr'>et</span> <span class='ocrx_word' id='word_1_266' title='bbox 1610 3644 1664 3712; x_wconf 85' lang='lat' dir='ltr'>ab·</span> 
     </span>
    </p>
   </div>
   <div class='ocr_carea' id='block_1_5' title="bbox 341 3772 1664 3869">
    <p class='ocr_par' dir='ltr' id='par_1_5' title="bbox 341 3772 1664 3869">
     <span class='ocr_line' id='line_1_26' title="bbox 341 3772 1664 3869; baseline 0.005 -28"><span class='ocrx_word' id='word_1_267' title='bbox 341 3772 481 3859; x_wconf 89' lang='lat' dir='ltr'>dominis,</span> <span class='ocrx_word' id='word_1_268' title='bbox 501 3775 527 3843; x_wconf 91' lang='lat' dir='ltr'>si</span> <span class='ocrx_word' id='word_1_269' title='bbox 545 3777 716 3844; x_wconf 79' lang='lat' dir='ltr'>exsudatnm</span> <span class='ocrx_word' id='word_1_270' title='bbox 734 3778 872 3866; x_wconf 85' lang='lat' dir='ltr'>exignum</span> <span class='ocrx_word' id='word_1_271' title='bbox 887 3797 1021 3845; x_wconf 84' lang='lat' dir='ltr'>aerosum</span> <span class='ocrx_word' id='word_1_272' title='bbox 1036 3779 1066 3846; x_wconf 93' lang='lat' dir='ltr'>in</span> <span class='ocrx_word' id='word_1_273' title='bbox 1080 3799 1150 3848; x_wconf 86' lang='lat' dir='ltr'>cauo</span> <span class='ocrx_word' id='word_1_274' title='bbox 1165 3781 1324 3869; x_wconf 89' lang='lat' dir='ltr'>peritonaei</span> <span class='ocrx_word' id='word_1_275' title='bbox 1336 3775 1500 3864; x_wconf 78' lang='lat' dir='ltr'>exceperis.</span> <span class='ocrx_word' id='word_1_276' title='bbox 1520 3773 1664 3846; x_wconf 86' lang='lat' dir='ltr'>lutostina</span> 
     </span>
    </p>
   </div>
   <div class='ocr_carea' id='block_1_6' title="bbox 331 3908 1062 4012">
    <p class='ocr_par' dir='ltr' id='par_1_6' title="bbox 331 3908 1062 4012">
     <span class='ocr_line' id='line_1_27' title="bbox 331 3908 1062 4012; baseline 0.005 -38"><span class='ocrx_word' id='word_1_277' title='bbox 331 3909 409 4012; x_wconf 63' lang='lat' dir='ltr'>⁸aire</span> <span class='ocrx_word' id='word_1_278' title='bbox 425 3927 477 3996; x_wconf 93' lang='lat' dir='ltr'>per</span> <span class='ocrx_word' id='word_1_279' title='bbox 493 3930 526 3976; x_wconf 92' lang='lat' dir='ltr'>os</span> <span class='ocrx_word' id='word_1_280' title='bbox 543 3920 572 3977; x_wconf 89' lang='lat' dir='ltr'>et</span> <span class='ocrx_word' id='word_1_281' title='bbox 591 3930 677 3976; x_wconf 92' lang='lat' dir='ltr'>anum</span> <span class='ocrx_word' id='word_1_282' title='bbox 697 3908 808 3993; x_wconf 82' lang='lat' dir='ltr'>inflato,</span> <span class='ocrx_word' id='word_1_283' title='bbox 829 3909 912 3979; x_wconf 87' lang='lat' dir='ltr'>ualde</span> <span class='ocrx_word' id='word_1_284' title='bbox 929 3921 1062 3980; x_wconf 79' lang='lat' dir='ltr'>extensa.</span> 
     </span>
    </p>
   </div>
   <div class='ocr_carea' id='block_1_7' title="bbox 333 4089 1669 5335">
    <p class='ocr_par' dir='ltr' id='par_1_7' title="bbox 333 4089 1669 5335">
     <span class='ocr_line' id='line_1_28' title="bbox 388 4089 1669 4187; baseline 0.002 -28"><span class='ocrx_word' id='word_1_285' title='bbox 388 4089 495 4160; x_wconf 83' lang='lat' dir='ltr'>Facies</span> <span class='ocrx_word' id='word_1_286' title='bbox 512 4095 652 4162; x_wconf 84' lang='lat' dir='ltr'>sectionis</span> <span class='ocrx_word' id='word_1_287' title='bbox 670 4096 817 4183; x_wconf 87' lang='lat' dir='ltr'>superior.</span> <span class='ocrx_word' id='word_1_288' title='bbox 837 4133 887 4148; x_wconf 85' lang='lat'>-</span> <span class='ocrx_word' id='word_1_289' title='bbox 905 4096 945 4166; x_wconf 78' lang='lat' dir='ltr'>A.</span> <span class='ocrx_word' id='word_1_290' title='bbox 974 4095 1088 4187; x_wconf 89' lang='lat' dir='ltr'>Corpus</span> <span class='ocrx_word' id='word_1_291' title='bbox 1113 4099 1269 4166; x_wconf 88' lang='lat' dir='ltr'>uertebrae</span> <span class='ocrx_word' id='word_1_292' title='bbox 1294 4096 1460 4164; x_wconf 88' lang='lat' dir='ltr'>lumborum</span> <span class='ocrx_word' id='word_1_293' title='bbox 1488 4096 1555 4164; x_wconf 74' lang='lat'>3²0·</span> <span class='ocrx_word' id='word_1_294' title='bbox 1583 4095 1620 4162; x_wconf 91' lang='lat' dir='ltr'>ud</span> <span class='ocrx_word' id='word_1_295' title='bbox 1638 4093 1669 4162; x_wconf 86' lang='lat'>5·</span> 
     </span>
     <span class='ocr_line' id='line_1_29' title="bbox 338 4205 1660 4300; baseline 0.003 -26"><span class='ocrx_word' id='word_1_296' title='bbox 338 4205 392 4274; x_wconf 92' lang='lat' dir='ltr'>lln.</span> <span class='ocrx_word' id='word_1_297' title='bbox 408 4226 497 4295; x_wconf 89' lang='lat' dir='ltr'>supra</span> <span class='ocrx_word' id='word_1_298' title='bbox 510 4210 816 4299; x_wconf 86' lang='lat' dir='ltr'>cartilaginem,quae</span> <span class='ocrx_word' id='word_1_299' title='bbox 828 4212 974 4280; x_wconf 89' lang='lat' dir='ltr'>uertebris</span> <span class='ocrx_word' id='word_1_300' title='bbox 988 4212 1043 4281; x_wconf 73' lang='lat'>9⁸⁸</span> <span class='ocrx_word' id='word_1_301' title='bbox 1059 4223 1090 4280; x_wconf 86' lang='lat' dir='ltr'>et</span> <span class='ocrx_word' id='word_1_302' title='bbox 1108 4213 1162 4282; x_wconf 57' lang='lat'>3⁸2</span> <span class='ocrx_word' id='word_1_303' title='bbox 1177 4213 1348 4300; x_wconf 85' lang='lat' dir='ltr'>interposita</span> <span class='ocrx_word' id='word_1_304' title='bbox 1362 4219 1660 4298; x_wconf 86' lang='lat' dir='ltr'>est‚persectum.-</span> 
     </span>
     <span class='ocr_line' id='line_1_30' title="bbox 338 4317 1658 4416; baseline 0.002 -29"><span class='ocrx_word' id='word_1_305' title='bbox 338 4339 373 4388; x_wconf 84' lang='lat' dir='ltr'>o.</span> <span class='ocrx_word' id='word_1_306' title='bbox 393 4317 598 4408; x_wconf 82' lang='lat' dir='ltr'>Aponeurosis</span> <span class='ocrx_word' id='word_1_307' title='bbox 616 4324 842 4393; x_wconf 87' lang='lat' dir='ltr'>lumbodorsalis</span> <span class='ocrx_word' id='word_1_308' title='bbox 861 4346 928 4394; x_wconf 90' lang='lat' dir='ltr'>cum</span> <span class='ocrx_word' id='word_1_309' title='bbox 946 4329 1121 4416; x_wconf 89' lang='lat' dir='ltr'>aponenrosi</span> <span class='ocrx_word' id='word_1_310' title='bbox 1144 4347 1187 4394; x_wconf 88' lang='lat' dir='ltr'>nr.</span> <span class='ocrx_word' id='word_1_311' title='bbox 1207 4326 1384 4395; x_wconf 86' lang='lat' dir='ltr'>Transrersi</span> <span class='ocrx_word' id='word_1_312' title='bbox 1405 4326 1571 4393; x_wconf 85' lang='lat' dir='ltr'>abdominis</span> <span class='ocrx_word' id='word_1_313' title='bbox 1587 4343 1658 4391; x_wconf 90' lang='lat' dir='ltr'>con·</span> 
     </span>
     <span class='ocr_line' id='line_1_31' title="bbox 337 4436 1659 4528; baseline 0.005 -28"><span class='ocrx_word' id='word_1_314' title='bbox 337 4441 415 4502; x_wconf 83' lang='lat' dir='ltr'>terte</span> <span class='ocrx_word' id='word_1_315' title='bbox 433 4442 464 4502; x_wconf 89' lang='lat' dir='ltr'>et</span> <span class='ocrx_word' id='word_1_316' title='bbox 480 4437 511 4502; x_wconf 93' lang='lat' dir='ltr'>in</span> <span class='ocrx_word' id='word_1_317' title='bbox 528 4437 592 4504; x_wconf 90' lang='lat' dir='ltr'>loco</span> <span class='ocrx_word' id='word_1_318' title='bbox 608 4440 659 4507; x_wconf 89' lang='lat' dir='ltr'>nbt</span> <span class='ocrx_word' id='word_1_319' title='bbox 676 4442 814 4508; x_wconf 90' lang='lat' dir='ltr'>inleritnr</span> <span class='ocrx_word' id='word_1_320' title='bbox 839 4440 924 4508; x_wconf 85' lang='lat' dir='ltr'>libris</span> <span class='ocrx_word' id='word_1_321' title='bbox 939 4443 1160 4510; x_wconf 88' lang='lat' dir='ltr'>muscularibus</span> <span class='ocrx_word' id='word_1_322' title='bbox 1186 4463 1227 4510; x_wconf 90' lang='lat' dir='ltr'>m.</span> <span class='ocrx_word' id='word_1_323' title='bbox 1248 4441 1401 4511; x_wconf 86' lang='lat' dir='ltr'>Latisslmi</span> <span class='ocrx_word' id='word_1_324' title='bbox 1419 4441 1512 4520; x_wconf 89' lang='lat' dir='ltr'>dorsi,</span> <span class='ocrx_word' id='word_1_325' title='bbox 1540 4438 1572 4506; x_wconf 88' lang='lat' dir='ltr'>b.</span> <span class='ocrx_word' id='word_1_326' title='bbox 1595 4436 1659 4528; x_wconf 75' lang='lat' dir='ltr'>(qui</span> 
     </span>
     <span class='ocr_line' id='line_1_32' title="bbox 337 4553 1656 4652; baseline 0.003 -36"><span class='ocrx_word' id='word_1_327' title='bbox 337 4568 373 4617; x_wconf 84' lang='lat' dir='ltr'>en</span> <span class='ocrx_word' id='word_1_328' title='bbox 389 4560 472 4638; x_wconf 82' lang='lat' dir='ltr'>parte</span> <span class='ocrx_word' id='word_1_329' title='bbox 489 4554 654 4644; x_wconf 82' lang='lat' dir='ltr'>marginem</span> <span class='ocrx_word' id='word_1_330' title='bbox 672 4565 822 4643; x_wconf 89' lang='lat' dir='ltr'>posterum</span> <span class='ocrx_word' id='word_1_331' title='bbox 840 4567 870 4622; x_wconf 93' lang='lat' dir='ltr'>et</span> <span class='ocrx_word' id='word_1_332' title='bbox 886 4555 1019 4624; x_wconf 84' lang='lat' dir='ltr'>infimum</span> <span class='ocrx_word' id='word_1_333' title='bbox 1037 4579 1078 4626; x_wconf 90' lang='lat' dir='ltr'>m.</span> <span class='ocrx_word' id='word_1_334' title='bbox 1111 4555 1232 4643; x_wconf 88' lang='lat' dir='ltr'>Obliqni</span> <span class='ocrx_word' id='word_1_335' title='bbox 1248 4558 1413 4626; x_wconf 85' lang='lat' dir='ltr'>abdominis</span> <span class='ocrx_word' id='word_1_336' title='bbox 1438 4556 1549 4652; x_wconf 71' lang='lat' dir='ltr'>onterni</span> <span class='ocrx_word' id='word_1_337' title='bbox 1568 4553 1656 4644; x_wconf 84' lang='lat' dir='ltr'>tegit)</span> 
     </span>
     <span class='ocr_line' id='line_1_33' title="bbox 336 4666 1657 4761; baseline 0.001 -27"><span class='ocrx_word' id='word_1_338' title='bbox 336 4675 484 4753; x_wconf 76' lang='lat' dir='ltr'>persocia.</span> <span class='ocrx_word' id='word_1_339' title='bbox 502 4691 596 4736; x_wconf 91' lang='lat' dir='ltr'>-c.</span> <span class='ocrx_word' id='word_1_340' title='bbox 617 4669 733 4758; x_wconf 78' lang='lat' dir='ltr'>(litera</span> <span class='ocrx_word' id='word_1_341' title='bbox 752 4667 995 4761; x_wconf 73' lang='lat' dir='ltr'>nonexpresse).</span> <span class='ocrx_word' id='word_1_342' title='bbox 1023 4671 1059 4741; x_wconf 89' lang='lat' dir='ltr'>d.</span> <span class='ocrx_word' id='word_1_343' title='bbox 1087 4695 1115 4742; x_wconf 89' lang='lat' dir='ltr'>c.</span> <span class='ocrx_word' id='word_1_344' title='bbox 1145 4671 1251 4740; x_wconf 87' lang='lat' dir='ltr'>Fascia</span> <span class='ocrx_word' id='word_1_345' title='bbox 1279 4671 1488 4759; x_wconf 82' lang='lat' dir='ltr'>superficialis,</span> <span class='ocrx_word' id='word_1_346' title='bbox 1519 4689 1564 4736; x_wconf 89' lang='lat' dir='ltr'>nn.</span> <span class='ocrx_word' id='word_1_347' title='bbox 1591 4666 1657 4736; x_wconf 88' lang='lat' dir='ltr'>Ob·</span> 
     </span>
     <span class='ocr_line' id='line_1_34' title="bbox 335 4779 1656 4875; baseline 0.004 -29"><span class='ocrx_word' id='word_1_348' title='bbox 335 4779 432 4868; x_wconf 88' lang='lat' dir='ltr'>liquus</span> <span class='ocrx_word' id='word_1_349' title='bbox 450 4783 616 4851; x_wconf 89' lang='lat' dir='ltr'>abdominis</span> <span class='ocrx_word' id='word_1_350' title='bbox 633 4795 773 4854; x_wconf 82' lang='lat' dir='ltr'>externus</span> <span class='ocrx_word' id='word_1_351' title='bbox 790 4793 822 4854; x_wconf 87' lang='lat' dir='ltr'>et</span> <span class='ocrx_word' id='word_1_352' title='bbox 837 4789 1030 4875; x_wconf 85' lang='lat' dir='ltr'>aponeurosis</span> <span class='ocrx_word' id='word_1_353' title='bbox 1055 4788 1140 4875; x_wconf 85' lang='lat' dir='ltr'>hujus</span> <span class='ocrx_word' id='word_1_354' title='bbox 1157 4787 1298 4872; x_wconf 85' lang='lat' dir='ltr'>musculi,</span> <span class='ocrx_word' id='word_1_355' title='bbox 1326 4786 1377 4871; x_wconf 86' lang='lat' dir='ltr'>d.,</span> <span class='ocrx_word' id='word_1_356' title='bbox 1397 4805 1464 4854; x_wconf 91' lang='lat' dir='ltr'>cum</span> <span class='ocrx_word' id='word_1_357' title='bbox 1481 4785 1515 4874; x_wconf 70' lang='lat' dir='ltr'>f..</span> <span class='ocrx_word' id='word_1_358' title='bbox 1528 4803 1656 4872; x_wconf 77' lang='lat' dir='ltr'>sponsu·</span> 
     </span>
     <span class='ocr_line' id='line_1_35' title="bbox 333 4893 1653 4990; baseline 0.003 -28"><span class='ocrx_word' id='word_1_359' title='bbox 333 4895 395 4962; x_wconf 89' lang='lat' dir='ltr'>rosi</span> <span class='ocrx_word' id='word_1_360' title='bbox 412 4915 455 4962; x_wconf 90' lang='lat' dir='ltr'>m.</span> <span class='ocrx_word' id='word_1_361' title='bbox 473 4893 595 4983; x_wconf 78' lang='lat' dir='ltr'>Oblipui</span> <span class='ocrx_word' id='word_1_362' title='bbox 611 4900 719 4966; x_wconf 88' lang='lat' dir='ltr'>interni</span> <span class='ocrx_word' id='word_1_363' title='bbox 736 4908 871 4968; x_wconf 88' lang='lat' dir='ltr'>contorta</span> <span class='ocrx_word' id='word_1_364' title='bbox 889 4910 919 4967; x_wconf 87' lang='lat' dir='ltr'>ct</span> <span class='ocrx_word' id='word_1_365' title='bbox 935 4899 981 4970; x_wconf 91' lang='lat' dir='ltr'>d&#39;.</span> <span class='ocrx_word' id='word_1_366' title='bbox 1003 4904 1144 4990; x_wconf 88' lang='lat' dir='ltr'>parietem</span> <span class='ocrx_word' id='word_1_367' title='bbox 1163 4903 1341 4970; x_wconf 88' lang='lat' dir='ltr'>anteriorem</span> <span class='ocrx_word' id='word_1_368' title='bbox 1359 4901 1484 4990; x_wconf 77' lang='lat' dir='ltr'>uaginae</span> <span class='ocrx_word' id='word_1_369' title='bbox 1502 4919 1543 4966; x_wconf 87' lang='lat' dir='ltr'>nt.</span> <span class='ocrx_word' id='word_1_370' title='bbox 1565 4897 1653 4968; x_wconf 87' lang='lat' dir='ltr'>Recti</span> 
     </span>
     <span class='ocr_line' id='line_1_36' title="bbox 336 5009 1657 5106; baseline 0.002 -28"><span class='ocrx_word' id='word_1_371' title='bbox 336 5009 502 5078; x_wconf 88' lang='lat' dir='ltr'>abdominis</span> <span class='ocrx_word' id='word_1_372' title='bbox 514 5015 792 5104; x_wconf 79' lang='lat' dir='ltr'>constituens—p.</span> <span class='ocrx_word' id='word_1_373' title='bbox 809 5015 859 5085; x_wconf 84' lang='lat' dir='ltr'>M.</span> <span class='ocrx_word' id='word_1_374' title='bbox 873 5013 1021 5106; x_wconf 86' lang='lat' dir='ltr'>Obliquus</span> <span class='ocrx_word' id='word_1_375' title='bbox 1034 5017 1200 5086; x_wconf 89' lang='lat' dir='ltr'>abdominis</span> <span class='ocrx_word' id='word_1_376' title='bbox 1213 5021 1415 5086; x_wconf 79' lang='lat' dir='ltr'>internus-</span> <span class='ocrx_word' id='word_1_377' title='bbox 1428 5013 1461 5082; x_wconf 86' lang='lat' dir='ltr'>t.</span> <span class='ocrx_word' id='word_1_378' title='bbox 1477 5013 1524 5084; x_wconf 86' lang='lat' dir='ltr'>bl.</span> <span class='ocrx_word' id='word_1_379' title='bbox 1541 5013 1657 5082; x_wconf 87' lang='lat' dir='ltr'>Trans-</span> 
     </span>
     <span class='ocr_line' id='line_1_37' title="bbox 334 5125 1656 5224; baseline 0.005 -34"><span class='ocrx_word' id='word_1_380' title='bbox 334 5143 440 5194; x_wconf 82' lang='lat' dir='ltr'>versns</span> <span class='ocrx_word' id='word_1_381' title='bbox 453 5125 710 5200; x_wconf 72' lang='lat' dir='ltr'>abdominis-i.</span> <span class='ocrx_word' id='word_1_382' title='bbox 722 5129 828 5200; x_wconf 86' lang='lat' dir='ltr'>Parios</span> <span class='ocrx_word' id='word_1_383' title='bbox 841 5136 987 5220; x_wconf 86' lang='lat' dir='ltr'>posterior</span> <span class='ocrx_word' id='word_1_384' title='bbox 1001 5135 1125 5224; x_wconf 78' lang='lat' dir='ltr'>uaginae</span> <span class='ocrx_word' id='word_1_385' title='bbox 1140 5154 1183 5202; x_wconf 90' lang='lat' dir='ltr'>m.</span> <span class='ocrx_word' id='word_1_386' title='bbox 1199 5132 1287 5202; x_wconf 87' lang='lat' dir='ltr'>llectl</span> <span class='ocrx_word' id='word_1_387' title='bbox 1299 5131 1477 5216; x_wconf 87' lang='lat' dir='ltr'>abdominis,</span> <span class='ocrx_word' id='word_1_388' title='bbox 1493 5151 1529 5198; x_wconf 84' lang='lat' dir='ltr'>en</span> <span class='ocrx_word' id='word_1_389' title='bbox 1541 5131 1656 5198; x_wconf 91' lang='lat' dir='ltr'>duabus</span> 
     </span>
     <span class='ocr_line' id='line_1_38' title="bbox 335 5239 1655 5335; baseline 0.003 -27"><span class='ocrx_word' id='word_1_390' title='bbox 335 5239 455 5310; x_wconf 84' lang='lat' dir='ltr'>laminis</span> <span class='ocrx_word' id='word_1_391' title='bbox 480 5249 672 5332; x_wconf 87' lang='lat' dir='ltr'>aponourosls</span> <span class='ocrx_word' id='word_1_392' title='bbox 689 5267 731 5316; x_wconf 90' lang='lat' dir='ltr'>m.</span> <span class='ocrx_word' id='word_1_393' title='bbox 753 5244 875 5335; x_wconf 85' lang='lat' dir='ltr'>Obliqui</span> <span class='ocrx_word' id='word_1_394' title='bbox 891 5250 1000 5321; x_wconf 86' lang='lat' dir='ltr'>interni</span> <span class='ocrx_word' id='word_1_395' title='bbox 1012 5259 1042 5320; x_wconf 91' lang='lat' dir='ltr'>et</span> <span class='ocrx_word' id='word_1_396' title='bbox 1053 5247 1230 5320; x_wconf 85' lang='lat' dir='ltr'>Transrorsi</span> <span class='ocrx_word' id='word_1_397' title='bbox 1243 5248 1407 5320; x_wconf 85' lang='lat' dir='ltr'>abdominis</span> <span class='ocrx_word' id='word_1_398' title='bbox 1423 5253 1588 5318; x_wconf 85' lang='lat' dir='ltr'>contextus.</span> <span class='ocrx_word' id='word_1_399' title='bbox 1608 5281 1655 5298; x_wconf 91' lang='lat'><em>-</em></span> 
     </span>
    </p>
   </div>
   <div class='ocr_carea' id='block_1_8' title="bbox 0 0 1856 6008">
    <p class='ocr_par' dir='ltr' id='par_1_8' title="bbox 0 0 1856 6008">
     <span class='ocr_line' id='line_1_39' title="bbox 0 0 1856 6008; baseline 0 5"><span class='ocrx_word' id='word_1_400' title='bbox 0 0 1856 6008; x_wconf 95' lang='lat' dir='ltr'> </span> 
     </span>
    </p>
   </div>
  </div>
 </body>
</html>
