3682 6004
685 513 931 590 ..23-

112 785 313 848 transverse
342 787 495 872 persecta
532 777 591 858 sit,
626 774 797 850 diversum
813 797 903 848 esser
938 775 1012 846 iere
1029 774 1213 848 rotundam
1231 773 1333 870 (Τὼ.
1353 777 1414 858 hh,
1433 776 1496 870 2³)

113 913 220 984 prope
259 891 394 984 apicem
424 901 458 962 et
489 889 654 962 isthmum
688 889 864 974 nrethrae;
887 888 1146 962 .cordilormem
1180 891 1216 962 in
1255 889 1369 964 media
1401 905 1497 988 parte

113 1003 215 1098 (Tala.
231 1007 312 1102 2³4:
331 1005 403 1076 iere
421 1003 699 1101 quadrangulum
716 1029 825 1101 prope
842 1005 956 1078 basin.
1009 1024 1011 1032 ¹

158 1118 285 1192 Plures
308 1118 590 1193 adumbrationes
616 1131 794 1215 praeterea
818 1129 1010 1217 prostatam
1029 1119 1165 1192 diverso
1191 1119 1311 1201 modo.
1340 1121 1433 1214 quod
1460 1119 1495 1194 in

109 1231 260 1326 dirersis
284 1234 510 1308 lithotomiae
538 1234 711 1306 methodis
728 1235 870 1315 accidit.
890 1244 1101 1309 transactam
1131 1244 1166 1307 et
1184 1233 1307 1307 deinde
1340 1236 1375 1308 in
1394 1233 1495 1308 enda·

110 1369 191 1419 rere
210 1349 396 1444 congelato
416 1361 584 1421 trasverse
604 1360 794 1445 persectem
810 1349 994 1444 effingunt.
1144 1403 1147 1412 .

156 1463 214 1535 ed
234 1465 355 1536 icones
373 1463 446 1551 has,
465 1487 555 1560 qnae
574 1465 812 1560 operationem
839 1464 1060 1538 lithotomiae
1075 1464 1299 1560 perlustrant,
1324 1464 1413 1538 hene
1442 1466 1497 1536 in·

108 1577 319 1672 telligendas
332 1577 417 1650 haec
434 1580 620 1652 observare
637 1603 776 1652 necesse
795 1591 861 1652 eso
899 1583 966 1652 l¹²²0
983 1581 1164 1652 Sectiones
1178 1578 1272 1651 hunc
1289 1578 1334 1650 ad
1350 1603 1493 1675 scopum

106 1715 169 1786 per
183 1693 317 1783 pelvim
330 1693 504 1766 minorem
522 1696 642 1766 ductas
673 1695 782 1787 (coni.
819 1695 906 1767 Tah.
926 1695 1089 1790 an-at)
1111 1693 1317 1791 plerumque
1331 1695 1495 1768 directio·

107 1829 188 1878 nem
204 1831 278 1880 nen
290 1808 358 1880 rite
374 1819 619 1890 transversam.
636 1810 702 1882 sed·
714 1813 830 1906 potios
848 1809 993 1906 ehliqno
1013 1819 1246 1898 uansrersam
1265 1813 1374 1906 sequi,
1393 1813 1443 1882 ita
1456 1822 1496 1882 nt

107 1924 201 1996 linea
224 1949 347 1998 secans
364 1951 384 1996 a
402 1927 580 2024 symphys'i
600 1928 701 2022 pubis
719 1927 823 2000 ruodo
841 1927 1021 2010 deorsum,
1041 1925 1146 1998 modo
1163 1924 1267 2020 paulo
1286 1948 1421 1997 sursum
1442 1925 1493 1998 di·

107 2053 207 2112 recta
223 2043 282 2120 sit.
315 2041 408 2136 qnod
426 2065 472 2115 ex
492 2053 588 2138 parte
611 2041 787 2114 ediverso
808 2041 920 2135 gradu
939 2041 1178 2114 inclinationis
1197 2039 1307 2135 pelvis
1325 2042 1361 2114 in
1379 2040 1493 2112 diver·

106 2157 153 2227 sis
171 2157 418 2237 cadaveribus,
437 2181 481 2228 ex
496 2166 593 2251 parte
609 2155 780 2228 ediverso
796 2157 878 2238 site,
893 2155 930 2226 in
945 2180 1014 2251 quo
1034 2155 1152 2250 pelves
1168 2155 1248 2251 gelu
1266 2163 1407 2231 coactae
1424 2167 1491 2230 sta·

106 2269 232 2343 bilitas
257 2282 368 2351 erant.
397 2271 626 2366 dependebat,
658 2271 784 2378 partim
802 2293 886 2342 vern
903 2295 947 2342 eo
963 2271 1142 2365 proposito
1160 2293 1181 2342 a
1197 2293 1253 2344 me
1274 2272 1406 2345 iactum
1426 2283 1490 2356 est,

106 2399 144 2458 nt
162 2400 280 2483 partes
306 2387 467 2458 nrethrae
485 2398 520 2458 et
537 2397 726 2482 prostatus,
748 2391 855 2458 inter
881 2389 1120 2484 operationem
1138 2385 1263 2472 laesae,
1285 2385 1414 2459 clerins
1431 2410 1493 2463 cx·

105 2512 299 2597 ponantur.
328 2505 391 2576 2⁶⁰.
407 2501 546 2597 plagam
566 2511 741 2597 prostatus
775 2501 957 2580 indictam.
979 2501 1131 2580 etiamsi,
1150 2509 1190 2572 ut
1209 2523 1283 2572 mos
1300 2511 1365 2581 est.
1384 2501 1428 2577 in
1446 2505 1493 2574 si·

105 2619 220 2688 nistre
247 2618 357 2688 latere
391 2617 545 2711 perinaei
571 2617 749 2688 cadumris
775 2615 929 2699 doctam,
961 2616 1035 2687 lere
1053 2617 1255 2710 semper.iu
1274 2617 1488 2692 sectionibus

105 2731 220 2826 pelvis
237 2717 440 2804 transversis
454 2733 629 2804 sinistram
647 2731 787 2804 lectoris
804 2743 973 2826 spectare,
992 2729 1079 2825 (vid.
1095 2732 1183 2803 Teh.
1198 2732 1375 2818 22-24),
1395 2733 1489 2828 qnod

104 2848 212 2918 laeile
232 2847 441 2944 explicatur,
474 2848 503 2920 si
533 2849 570 2918 in
589 2848 795 2918 memoriam
812 2869 955 2918 revocas
974 2847 1009 2918 in
1028 2845 1155 2918 tabulis
1172 2846 1228 2920 his
1244 2847 1368 2920 faciem
1386 2869 1488 2942 anpe-

104 2965 237 3036 riorem
257 2963 429 3058 segmenti
447 2961 560 3036 inlimi
578 2963 691 3056 pelvis
709 2971 883 3058 persectae
910 2961 965 3032 rel
982 2961 1118 3034 ⁴laniem
1142 2961 1298 3035 in'hmam
1325 2963 1488 3036 sectionis

96 3077 347 3150 adumbratam
368 3101 456 3150 esse.

145 3191 297 3287 Effigiem
330 3193 393 3263 has
421 3189 712 3286 perlustrantibus
741 3190 857 3274 nobis,
890 3190 1092 3278 discrimen,
1110 3191 1205 3286 quod
1224 3191 1315 3265 inter
1331 3193 1487 3266 diversas

95 3305 326 3378 lithotomiao
345 3305 527 3376 methodos
540 3316 605 3385 ast.
622 3315 658 3375 et
670 3305 850 3377 commoda
866 3305 1157 3403 incommodaque
1174 3305 1321 3380 dirersis
1339 3331 1486 3404 operan·
1601 3324 1609 3342 ¹

96 3420 133 3493 di
155 3422 274 3494 modis
290 3419 446 3518 propria,
479 3421 680 3516 praesertim
709 3444 753 3492 ex
771 3422 1033 3516 comparatione
1050 3445 1130 3493 cnm
1149 3423 1309 3496 iconibus
1326 3425 1484 3498 lescienli

97 3538 167 3609 38.
192 3537 285 3610 clare
319 3535 539 3608 etdistincte
557 3535 757 3609 elucebunt.
792 3537 1320 3632 ·Siccontemplttioneieonnm
1337 3541 1486 3612 22-26

101 3653 278 3725 diversam
295 3631 538 3729 directionem.
557 3651 813 3724 dimensionem
832 3651 1077 3748 diversumque
1091 3661 1269 3748 aspectum
1287 3655 1481 3748 plagarum.

102 3793 195 3866 qnae
213 3779 386 3864 prostatae
406 3778 442 3840 et
454 3768 548 3839 collo
566 3768 701 3838 vesicae
718 3767 762 3838 ad
780 3767 955 3838 caleulum
986 3766 1240 3839 extrahendum
1258 3767 1480 3862 infliguntur.

103 3885 285 3980 multaque
302 3885 384 3966 alia,
416 3905 507 3979 qnae
536 3883 573 3952 in
601 3882 833 3977 diiudicandis
846 3882 1024 3978 perieulis.
1044 3882 1172 3978 quihus
1188 3881 1388 3956 lithotomia
1405 3909 1481 3956 rer·

102 4011 213 4080 satur,
241 4007 346 4094 atque
363 3995 534 4078 consiliis.
562 4019 652 4093 qnae
670 3999 706 4068 in
726 4000 929 4092 operatione
947 3997 1012 4070 hac
1030 3997 1244 4071 instituenda
1262 3999 1362 4096 sequi
1379 4023 1482 4095 epor-

103 4125 164 4198 tet,
186 4115 252 4185 rito
269 4114 526 4207 cognoscimus.
1049 4133 1052 4144 ’

149 4229 343 4323 Praecipue
372 4250 455 4300 vero
486 4228 551 4298 hae
581 4229 781 4322 questiones
810 4227 1031 4321 chirurgicos
1062 4229 1237 4324 captiosae
1270 4230 1481 4304 sectionibus

101 4344 231 4416 nostris
246 4341 475 4439 probabiliter
492 4342 625 4413 solutae
643 4354 737 4414 snut:

150 4463 188 4531 l‘.
208 4459 247 4529 ln
265 4456 430 4528 methodo
449 4459 676 4550 cystotomiae
695 4455 845 4538 laterali,
860 4457 948 4530 adeo
966 4457 1045 4551 lege
1058 4455 1144 4528 artis
1156 4458 1328 4541 instincta,
1344 4461 1478 4556 plagam

101 4582 275 4665 prostatus
294 4572 462 4642 indictam
480 4592 551 4642 uon
568 4592 718 4666 semper.
749 4583 790 4642 nt
806 4583 966 4644 auctores
994 4571 1139 4650 docent.
1175 4571 1359 4648 directioni
1389 4577 1478 4650 radii

101 4684 254 4760 lateralis
273 4688 449 4758 inferioris
465 4686 570 4782 hujus
587 4686 775 4781 glandulae
791 4687 1015 4783 respondere.
1205 4663 1209 4686 ‘

146 4806 186 4874 2.
207 4802 364 4898 Plapam.
385 4825 455 4897 qna
473 4802 593 4872 cervix
610 4802 748 4873 'vesicae
766 4802 900 4898 patefit,
918 4803 1100 4899 praecipue
1118 4803 1154 4874 in
1169 4807 1376 4899 eystotomia
1392 4809 1480 4882 late·

101 4917 302 4997 rali.rarius
318 4917 355 4988 in
373 4915 561 4997 bilaterali.
581 4917 767 4989 circuitum
781 4927 959 5014 prostatus
976 4917 1159 5002 excedere,
1177 4929 1282 5017 atque
1299 4923 1475 5018 capsulam

101 5033 444 5127 resicoprostaticam
463 5044 499 5102 et
513 5032 656 5104 fasciam
673 5031 959 5106 rectoresicalem
974 5031 1081 5106 laedi.

146 5148 184 5219 3.
206 5149 245 5218 ln
264 5145 457 5219 encheiresi
483 5149 507 5217 a*
521 5170 578 5218 me
595 5148 956 5244 commendata.quae
973 5149 1009 5218 in
1027 5147 1188 5244 plurimis
1207 5161 1243 5223 et
1257 5152 1376 5246 parvis
1389 5151 1476 5226 iuci-

101 5259 259 5334 sionihus
276 5271 449 5358 prostatae
465 5262 564 5334 varin
581 5261 775 5337 directione
798 5262 910 5336 ductis
935 5274 971 5336 et
987 5263 1154 5360 peculiari
1178 5265 1324 5340 cultello
1340 5269 1479 5344 iustitu-
