3704 6008
883 507 1126 576 ..2-

319 781 449 852 minam
479 801 592 851 serrae
619 777 654 848 in
680 785 814 871 partem
840 768 1054 863 cartilaginis
1081 765 1191 861 magis
1210 781 1404 834 convexam
1423 757 1515 853 (plns
1532 753 1691 825 minusve

319 919 427 992 prope
445 895 669 966 insertionem
688 892 796 985 ipsius
813 891 850 961 in
867 897 1021 959 sternnm
1039 883 1094 955 vel
1111 883 1148 954 in
1166 879 1309 972 coslam)
1330 875 1509 946 direxisse.

371 1047 597 1175 cartilagines
626 1090 800 1150 costarum
827 1073 991 1146 salsarum
1021 1069 1202 1162 utriusque
1226 1067 1344 1136 lateris
1374 1056 1573 1154 saepissime
1592 1051 1695 1123 modo

322 1218 392 1266 non
412 1195 514 1290 plane
531 1203 720 1290 symmetro
740 1187 925 1286 dispositae
944 1193 1036 1264 sunt;
1057 1205 1157 1276 saepe
1176 1179 1302 1251 accidit
1319 1201 1351 1250 e.
1372 1199 1407 1270 g.
1435 1183 1474 1244 nt
1492 1180 1585 1241 costa
1606 1167 1693 1239 falsa

322 1310 426 1381 unius
443 1309 561 1380 lateris
580 1307 697 1388 altior,
725 1305 781 1378 vel
806 1304 957 1399 spatium
983 1296 1203 1377 intereostale
1232 1293 1410 1388 angustius
1438 1288 1495 1368 sit,
1523 1307 1627 1383 quam
1645 1281 1694 1352 al·

322 1435 397 1495 tero
423 1425 548 1504 lateres
585 1420 711 1493 exinde
737 1417 948 1491 sectionibus
974 1413 1176 1484 transversis
1201 1435 1303 1504 saepe
1328 1403 1547 1498 cartilagines
1573 1399 1695 1469 barum

321 1549 497 1610 costarum
516 1539 552 1608 in
569 1546 719 1630 utroque
737 1535 844 1604 latere
862 1555 931 1603 non
952 1528 1177 1623 cognomines
1194 1523 1410 1597 dividuntur.

369 1701 508 1778 Praeter
526 1707 716 1785 sectiones,
741 1726 833 1799 quae
854 1721 915 1795 per
940 1697 1161 1791 cartilagines
1179 1705 1213 1766 et
1230 1689 1417 1765 interstitia
1432 1695 1604 1762 costarum
1622 1681 1694 1753 lal-

320 1844 438 1893 sarum
453 1819 640 1900 ducuntur,
664 1819 781 1889 icones
797 1815 954 1888 fasciculi
973 1813 1074 1907 bujus
1092 1812 1196 1882 etiam
1215 1808 1384 1880 sectiones
1397 1802 1591 1874 abdominis
1605 1800 1694 1870 inter

323 1935 457 2008 inlimas
475 1945 588 2006 costas
608 1937 713 2025 (11³m
727 1946 762 2006 et
780 1915 880 2030 rpem)
901 1942 936 2002 et
953 1951 1030 2001 ossa
1048 1925 1264 1997 innominata
1281 1922 1455 1992 institutas
1472 1914 1692 1992 adumbrant,

319 2075 409 2150 quae
427 2075 547 2124 omnes
561 2053 634 2123 fere
652 2076 713 2147 per
727 2049 950 2144 umbilicum,
979 2043 1034 2115 vel
1061 2042 1103 2114 ad
1122 2037 1306 2111 nonnullas
1328 2036 1439 2107 lineas
1465 2034 1556 2104 inira
1581 2031 1694 2125 ipsum

321 2175 513 2282 transeunt.

373 2335 546 2415 Distentis
572 2359 653 2410 vero
680 2335 804 2413 barum
831 2341 1041 2407 eostarnma
1060 2329 1151 2428 pelvi
1174 2326 1211 2397 in
1228 2335 1377 2422 utroque
1393 2318 1502 2391 latere
1520 2312 1694 2386 interdum

322 2449 429 2525 etiam
442 2472 630 2546 parumper
644 2449 770 2527 diuers.
787 2452 1062 2536 Praetereamus
1076 2467 1210 2542 seraper
1223 2442 1371 2538 contigit
1383 2436 1529 2513 cadaver
1542 2432 1621 2530 gelu
1634 2456 1697 2506 ex·

326 2567 476 2663 positum
495 2567 543 2641 ita
562 2567 749 2653 collocare,
778 2576 817 2642 ul
835 2590 873 2642 os
890 2564 1146 2642 innominatum
1166 2561 1326 2635 dextrum
1344 2567 1380 2628 et
1395 2553 1572 2627 sinistrum
1589 2547 1695 2622 situm

324 2677 426 2783 plane
446 2691 672 2781 openetrum
691 2693 911 2761 conservaret
928 2692 963 2756 et
981 2678 1130 2754 alterum
1149 2675 1284 2748 acostis
1298 2671 1393 2744 lalsis
1407 2689 1515 2764 aeque
1528 2675 1630 2758 atque
1645 2661 1692 2732 al·

325 2803 436 2869 terunt
456 2793 613 2871 distaret.
641 2795 891 2884 Quamobrem,
920 2796 956 2868 in
974 2791 1185 2868 sectionibus
1201 2788 1403 2862 transversis
1421 2778 1616 2857 abdominis
1633 2799 1693 2873 per

324 2909 531 2992 umbilicum
556 2919 591 2982 et
618 2910 875 2988 introeundum
901 2910 1013 2984 ductis
1039 2907 1211 2985 interdum
1237 2906 1378 2980 cristam
1404 2900 1489 2974 ossis
1514 2897 1573 2970 ilei
1591 2892 1693 2968 unius

325 3023 543 3100 solummodo
560 3025 677 3099 lateris
695 3037 885 3122 persectarn
903 3025 1113 3100 invenimus.
1136 2995 1270 3120 (comp.
1291 3044 1323 3092 e.
1343 3042 1379 3114 g.
1400 3014 1485 3088 Tab.
1511 3014 1554 3082 lt)
1567 3019 1602 3081 et
1618 3006 1692 3105 ll.)

372 3194 458 3268 Cum
477 3193 512 3264 in
531 3192 740 3272 sectionibus
760 3195 898 3274 nostris.
928 3217 987 3292 per
1009 3215 1132 3288 corpus
1152 3190 1340 3265 humanum
1358 3182 1578 3280 congelatum
1597 3175 1696 3246 insti·

323 3307 474 3390 tuendis,
495 3309 560 3380 boc
579 3307 666 3380 mibi
685 3309 867 3408 praecipue
884 3311 1150 3405 proposuissem,
1172 3316 1212 3378 ut
1223 3301 1346 3374 lectori
1361 3303 1484 3371 clarum
1498 3311 1527 3366 et
1542 3305 1695 3364 ecoctam

322 3425 491 3494 cortraco
508 3425 547 3494 de
564 3421 631 3494 situ
644 3425 793 3518 partiam
810 3423 969 3518 cujusque
986 3424 1143 3513 regionis,
1173 3422 1261 3490 liaeo
1289 3415 1450 3487 circulari
1464 3415 1693 3501 interpuncta

321 3550 410 3608 certo
424 3549 453 3606 et
464 3537 539 3630 plau
553 3537 665 3608 sceleti
677 3537 777 3610 dueta
793 3535 1483 3619 determinatae,eommuos'ccrcm.semper
1496 3524 1619 3592 limites
1633 3543 1694 3588 cn-

319 3649 432 3746 jusvis
445 3650 608 3730 rectionis
623 3661 657 3722 et
671 3650 870 3726 distantiam
886 3652 1010 3728 borum
1025 3657 1232 3750 punctorum
1247 3633 1690 3714 accuratissimeadnotavi.

321 3757 464 3838 Limites
482 3767 599 3862 itaquo
619 3767 811 3845 sectionum
831 3777 1102 3838 transversarum
1121 3758 1329 3834 abdominis.
1349 3755 1440 3826 inter
1455 3749 1691 3844 cartilaginem

320 3866 435 3982 costae
449 3883 506 3954 6⁸⁰
524 3890 559 3954 et
582 3883 660 3958 10⁸0
678 3881 869 3964 doctarum,
888 3878 1008 3951 eodem
1027 3876 1129 3948 modo
1149 3898 1188 3946 ac
1207 3875 1243 3945 in
1261 3869 1470 3943 sectionibus
1488 3864 1691 3938 transversis

321 3995 472 4068 thoracis
490 3995 774 4076 determinantur:
795 3994 1015 4088 cartilagines
1033 3993 1097 4065 bae
1115 3990 1248 4062 scilieet
1264 3985 1413 4058 conlinia
1428 3984 1611 4067 anteriora,
1634 4004 1691 4050 eo-

320 4119 392 4182 stae
410 4122 583 4208 persectae
600 4111 730 4185 limites
747 4108 906 4184 laterales
923 4118 963 4178 et
974 4129 1117 4204 corpora
1135 4105 1371 4178 vertebrarum
1391 4100 1519 4172 limites
1536 4105 1690 4192 posteros

321 4225 547 4298 constituunt.
567 4229 605 4296 ln
622 4223 817 4294 abdominis
834 4246 916 4292 vero
931 4221 1154 4300 sectionibus.
1175 4242 1264 4314 quae
1277 4220 1367 4292 inira
1380 4225 1490 4292 costas
1504 4211 1606 4284 salsas
1620 4208 1691 4279 du-

320 4349 460 4424 cuntur,
481 4325 632 4412 confinia
650 4336 841 4433 posteriora
860 4335 1077 4408 solummodo
1095 4337 1163 4407 lixa
1181 4343 1216 4406 et
1230 4345 1335 4412 certa.
1352 4327 1553 4426 corporibus
1571 4333 1691 4394 verte-

318 4453 461 4539 brarum
472 4453 663 4533 dorsalium
680 4462 714 4524 et
726 4450 931 4525 lurnbalium
949 4453 1148 4530 constituta.
1169 4451 1335 4534 existuat;
1352 4447 1479 4520 limitas
1494 4465 1578 4516 vero
1596 4447 1691 4512 ants-

318 4572 428 4645 riores
441 4567 592 4644 nonnisi
609 4565 763 4668 partibus
778 4565 1147 4664 mollibus-pariete
1162 4569 1334 4640 anteriore
1347 4559 1690 4642 abdominis-nou

319 4683 396 4765 lixis
412 4694 448 4756 et
464 4682 579 4759 mium
597 4681 701 4752 certis
719 4680 1005 4762 determinantur:
1027 4684 1116 4760 nibil
1134 4685 1241 4778 igitur
1258 4687 1413 4775 superest
1429 4675 1473 4746 ad
1484 4673 1613 4747 limites
1626 4669 1690 4744 bos

317 4797 531 4878 statuendos,
558 4795 626 4870 uisi
651 4805 691 4866 ut
708 4794 906 4870 distantiam
930 4799 1043 4872 lineae
1062 4801 1209 4874 secantis
1227 4797 1269 4868 ab
1288 4793 1453 4868 umbilico
1470 4789 1686 4863 adnotemus.

318 4916 406 4990 Corn
423 4935 507 4986 uero
526 4934 657 5005 organa
675 4913 789 4986 caveis
807 4913 959 4988 tlnorams
987 4927 1023 4988 st
1043 4913 1239 4990 abdominis
1258 4910 1391 4982 inclusa
1408 4900 1689 4983 situm.umbilici

317 5037 455 5108 meunt
469 5049 619 5121 eumque
637 5027 795 5107 altisrom
812 5040 874 5102 aut
890 5032 1152 5126 profundiorem
1171 5027 1330 5110 reddant.
1353 5023 1459 5099 etiam
1481 5029 1610 5094 statum
1628 5015 1689 5088 di-

318 5167 455 5226 rersnm
473 5141 598 5221 borum
616 5165 828 5239 organorum
846 5149 881 5220 in
899 5147 1138 5227 cadaveribus.
1170 5165 1258 5240 qnae
1276 5139 1447 5236 perseum,
1479 5156 1563 5212 num
1588 5157 1624 5208 v.
1652 5154 1685 5204 e.

228 5323 235 5344 .
318 5257 615 5348 inimitabilium
633 5283 680 5336 an
695 5267 775 5336 abre
791 5271 827 5335 et
842 5261 979 5358 ttquttc
1000 5270 1146 5339 extensa
1161 5261 1243 5344 sint,
1263 5266 1384 5328 exacte
1401 5249 1596 5348 designari.
