3736 6008
754 501 997 572 ...2⁵1-

236 801 367 874 laistim
392 821 481 893 snpra
506 805 659 876 inunitam
684 823 828 876 uenarum
852 803 1001 876 renalium
1027 811 1058 872 et
1081 825 1117 872 re
1147 800 1244 874 nora
1267 803 1464 876 aldominalls
1480 807 1564 894 juxta

235 917 351 988 trintum
369 921 515 990 corticum
531 930 698 1010 persectae.

284 1137 325 1210 Ut
342 1140 589 1229 contemplatione
609 1140 704 1210 iconis
722 1148 841 1212 nostrae
859 1140 1082 1230 dispositionem
1095 1139 1301 1228 complicatam
1314 1139 1492 1212 laminarum
1510 1165 1560 1232 pe-

232 1257 361 1324 ritonaui
378 1256 460 1326 clare
485 1258 700 1344 concipiamus,
727 1258 958 1326 reminiscamur
976 1265 1091 1344 oportet
1114 1256 1276 1324 sectionem
1294 1257 1333 1324 ita
1347 1257 1464 1324 ductam
1482 1277 1561 1343 esse,

122 1453 126 1470 Ι
232 1379 268 1438 ut
284 1391 387 1438 nonnas
406 1379 505 1459 portes
522 1373 552 1440 io
570 1372 625 1442 hae
642 1373 766 1462 regione
784 1371 950 1441 abdominis
968 1373 1101 1441 inclusae
1119 1372 1170 1440 tali
1187 1373 1302 1440 ratione
1324 1391 1408 1440 serra
1427 1373 1563 1440 dimidia·

232 1495 352 1554 rentur:
375 1487 407 1572 l)
429 1485 573 1556 intestina
591 1489 621 1554 in
639 1488 704 1556 loco
723 1488 881 1556 transitus:
902 1507 1008 1576 nempe
1024 1489 1083 1556 coli
1102 1488 1265 1556 transversi
1293 1485 1338 1579 (lc.
1359 1483 1410 1578 lc.)
1429 1487 1460 1552 in
1477 1487 1563 1554 colon

233 1600 399 1670 excudens
417 1610 447 1669 et
464 1602 645 1670 descendeus
663 1613 693 1672 el
710 1603 835 1672 duodeni
854 1603 884 1669 in
899 1602 1033 1690 jejunum
1054 1605 1161 1695 (mm.)
1182 1599 1217 1692 ⁰2)
1235 1601 1419 1669 uentriculus
1435 1599 1475 1692 (s.
1494 1600 1560 1692 9.),

233 1734 328 1802 prope
354 1725 545 1786 curvaturam
575 1721 730 1806 mojorem,
772 1716 807 1808 3)
840 1714 952 1786 Canum
982 1719 1091 1784 omenti
1121 1717 1242 1804 majoris
1269 1717 1344 1788 inter
1373 1724 1563 1784 curvaturam

233 1849 376 1920 maguam
416 1839 445 1898 et
483 1831 567 1900 colon
606 1841 810 1901 transuersum
846 1830 879 1902 lc.
911 1827 962 1922 (ac
986 1833 1041 1900 snb
1067 1833 1180 1921 pariete
1217 1832 1381 1920 posteriore
1406 1831 1563 1900 uentriculi

233 1941 270 2014 lu.
291 1943 345 2034 ln.)
366 1947 442 2014 inira
460 1946 557 2014 locum
575 1947 851 2014 communicationis
870 1964 938 2016 cnm
953 1947 1168 2032 bursacmeuti
1182 1947 1318 2016 minoris.
1335 1945 1372 2032 l)
1388 1943 1562 2014 lllesocolnn

235 2069 440 2128 transuersum
459 2061 653 2149 deniqncrper
671 2063 766 2149 ipsum
792 2059 856 2130 iere
882 2063 1048 2131 discessum
1063 2065 1216 2151 utriusque
1235 2063 1363 2130 laminae
1383 2062 1561 2149 (superioris

232 2187 265 2243 et
282 2175 460 2268 interioris).
480 2174 585 2263 ltaque
600 2179 631 2244 ln
644 2177 799 2263 superiore
811 2189 966 2268 segmento
981 2181 1136 2255 sectionis,
1151 2178 1231 2266 quod
1243 2179 1327 2248 icone
1340 2185 1442 2245 nostra
1456 2178 1559 2244 adum·

231 2289 351 2358 braium
365 2300 424 2374 est,
439 2291 554 2360 relictae
567 2302 700 2360 manent:
718 2311 825 2381 magna
840 2313 909 2379 pars
922 2295 1050 2362 laminae
1062 2294 1226 2382 superioris
1240 2293 1381 2362 mesocoli
1397 2291 1561 2362 transversi

233 2425 303 2472 enm
329 2407 443 2492 pariete
469 2408 633 2492 posteriora
659 2407 769 2474 omenti
787 2408 909 2492 majoris
931 2411 974 2491 (in
991 2407 1042 2502 lu.)
1069 2408 1228 2492 conflatae,
1256 2409 1385 2475 maxima
1406 2425 1476 2494 pars
1494 2408 1559 2474 caui

232 2519 343 2588 omenti
359 2519 481 2608 majoris
501 2518 580 2609 (post
596 2521 792 2590 uentriculum
811 2521 882 2608 sito)
902 2534 931 2590 et
947 2525 1071 2592 minima
1090 2525 1273 2593 solummodo
1292 2525 1420 2592 laminae
1437 2524 1558 2592 inienio·

232 2637 277 2705 ris
293 2635 434 2704 mesocoli
451 2638 612 2706 transversi
629 2638 786 2724 particula,
806 2639 924 2706 initium
938 2640 1034 2728 jejuni
1051 2640 1188 2731 cingens.

279 2851 347 2924 Jann
364 2858 390 2924 si
408 2856 527 2925 demum
544 2856 672 2946 liguram
690 2857 783 2926 iconis
801 2859 1005 2946 inspicientes,
1025 2859 1183 2928 decursum
1205 2859 1364 2942 linearum,
1389 2859 1497 2947 quihus
1514 2857 1557 2928 la·

231 2972 330 3040 minae
347 2973 509 3060 peritonaei
526 2983 788 3060 repraesentantur
814 2975 981 3062 sequimur,
1001 2975 1074 3044 lnaec
1100 2975 1187 3042 lacile
1204 2975 1392 3064 colligemus:
1424 2973 1439 3043 l
1470 2970 1556 3042 Peri·

231 3095 369 3156 lenaeum
387 3088 529 3173 parietate
546 3087 648 3157 lateris
664 3089 760 3158 deutri
777 3091 808 3157 in
825 3090 967 3158 laminam
984 3099 1138 3158 externam
1157 3089 1301 3158 mcsoccli
1317 3087 1411 3181 (circa
1429 3083 1503 3176 a’'.)
1524 3107 1558 3156 se

232 3199 385 3270 inlleetare
398 3209 429 3268 et
440 3219 507 3270 oum
520 3204 634 3289 pariete
646 3203 798 3272 anteriore
809 3206 918 3272 omenti
934 3206 1033 3294 mapoi
1050 3199 1152 3295 (litera
1168 3223 1228 3270 non
1240 3201 1402 3294 designati)
1418 3203 1448 3270 in
1465 3221 1557 3271 unum

230 3314 396 3386 confluere:
416 3315 493 3402 quod
510 3325 627 3387 mutuas
645 3317 840 3388 adhaesiones
857 3321 967 3386 omenti
981 3339 1048 3386 cnm
1062 3320 1232 3407 peritomen
1246 3327 1276 3386 et
1289 3317 1437 3386 mesoeolo
1450 3336 1555 3386 asceu-

222 3430 320 3499 dante
351 3425 441 3516 (quae
470 3431 565 3498 tribus
603 3432 689 3500 lineis
720 3432 995 3525 repraesentantur)
1028 3434 1189 3522 significat.
1223 3433 1259 3502 9.
1289 3430 1385 3504 Unam
1415 3432 1556 3502 laminam

232 3543 477 3632 (superficialem)
511 3546 635 3632 parietis
665 3547 824 3616 anterioris
853 3549 963 3616 omenti
992 3548 1111 3634 (duplici
1141 3548 1219 3617 linea
1248 3546 1447 3639 designatam)
1472 3547 1555 3635 juxta

230 3659 368 3746 pplcrnm
397 3659 506 3746 plicam
534 3659 664 3728 lormare
687 3669 822 3748 utsupra
845 3661 954 3730 lacionn
983 3681 1143 3732 conectam
1172 3664 1318 3735 stomachi
1346 3663 1552 3732 sinistrorsum

228 3795 323 3864 nspuc
344 3777 380 3845 ad
402 3777 523 3845 lundum
541 3778 635 3864 ipsius
656 3779 784 3864 extendi,
805 3778 905 3865 ibique
926 3779 1033 3846 iterum
1053 3779 1233 3866 implicatum
1253 3777 1346 3870 (cirea
1363 3775 1416 3868 p.)
1436 3779 1464 3845 in
1482 3796 1550 3866 por·

227 3893 338 3960 tionem
350 3892 592 3980 pasnoltenolenn
606 3893 733 3976 omenti,
752 3911 829 3979 quac
843 3894 873 3958 in
888 3869 1070 3960 involucrum
1089 3911 1224 3960 serosum
1237 3892 1323 3960 lienis
1343 3889 1407 3982 (ο.)
1431 3885 1548 3980 (omen-

226 4015 257 4076 to
291 4008 413 4090 secred]
454 4007 654 4088 continuatur,
692 4008 832 4074 transire.
859 4003 1022 4094 Utramque
1043 4005 1150 4094 plicam
1172 4006 1300 4075 loutinne
1324 4005 1446 4094 parietis
1464 4013 1550 4076 antc-

226 4121 316 4189 rioris
329 4123 437 4190 omenti
452 4121 573 4208 majoris
586 4119 741 4188 insertioni
754 4120 849 4207 ipsius
863 4121 892 4188 ln
905 4130 1094 4190 curvaturam
1111 4121 1256 4208 nnajorcm
1273 4118 1427 4186 uentriculi
1443 4115 1548 4209 (prope

225 4236 361 4326 pplorum
379 4247 409 4304 et
425 4235 561 4327 luodum)
587 4235 779 4322 respondere.
809 4235 845 4306 3.
869 4235 1005 4306 Alteram
1032 4236 1171 4304 laminam
1199 4233 1399 4326 (interiorem)
1425 4236 1547 4322 parietis

225 4352 383 4422 domnionis
409 4351 519 4418 omenti
538 4359 631 4418 strato
649 4351 744 4438 adipis
763 4346 821 4440 (s.)
841 4371 858 4418 a
876 4353 971 4440 prima
984 4353 1162 4440 sejunctum,
1183 4351 1289 4420 taciem
1306 4357 1456 4438 posteram
1473 4369 1543 4420 neu·

223 4467 324 4536 triouli
341 4467 481 4535 investire
498 4476 527 4532 ct
544 4467 574 4532 in
591 4466 736 4553 laminam,
750 4469 929 4536 anteriorem
948 4468 1072 4555 parietis
1096 4467 1269 4554 posterioris
1286 4449 1398 4534 umenti
1421 4465 1545 4552 majoris

224 4582 272 4670 td.
294 4579 345 4672 d.)
365 4579 430 4672 (qui
448 4581 576 4650 laminae
591 4583 739 4668 superiori
757 4582 899 4653 mesucnli
915 4584 1079 4653 transversi
1097 4591 1234 4650 acerotus
1252 4601 1342 4652 unam
1359 4581 1543 4668 eandemque

222 4698 427 4768 membranam
439 4693 620 4784 constitnit),
635 4697 725 4767 etiam
740 4698 769 4764 iu
783 4698 896 4766 duobus
911 4699 1038 4786 punctis,
1051 4698 1134 4784 juxta
1149 4697 1281 4784 pplornm
1294 4707 1323 4767 el
1335 4696 1456 4765 lundum
1469 4715 1540 4764 aen·

222 4813 334 4894 tricnli,
357 4814 458 4899 (prope
473 4811 500 4901 s.
516 4813 563 4900 p.)
584 4809 721 4880 inllexam
734 4833 803 4882 csse
819 4813 911 4904 (iuter
924 4813 956 4880 la.
973 4808 1039 4902 lul.
1059 4809 1095 4880 l.
1116 4810 1200 4880 Hanc
1215 4813 1401 4883 inllnriouem
1419 4812 1540 4900 parietis

222 4928 380 4998 anterioris
404 4929 514 4996 ementi
541 4926 661 5015 majoris
683 4929 712 4994 in
734 4929 877 5016 parietem
903 4928 1112 5016 posteriorem,
1141 4927 1319 5000 solidissime
1345 4949 1411 4998 cum
1430 4927 1540 4994 leonina

220 5043 373 5132 superiore
394 5042 534 5110 mesocoli
555 5044 718 5112 transversi
734 5041 894 5112 condatum
920 5061 1012 5113 uuum
1039 5061 1144 5110 eanum
1170 5043 1330 5131 peculiare,
1350 5041 1425 5131 qnod
1443 5041 1538 5108 tribus

221 5159 308 5230 lineis
321 5159 505 5249 designatum
518 5168 566 5228 ast
578 5153 626 5248 (l.
643 5155 676 5226 l.
692 5156 741 5248 l.)
760 5160 815 5244 (ita
828 5159 937 5230 dictum
951 5175 1055 5227 cauum
1069 5159 1178 5226 omenti
1193 5159 1326 5248 majoris)
1342 5157 1535 5226 constituere.

223 5259 258 5346 5'.
278 5273 433 5344 laminam
452 5274 621 5346 triariorum
637 5273 780 5347 momenti
795 5273 970 5357 transversi,
995 5273 1049 5360 (oo.
1067 5293 1099 5340 m
1126 5269 1185 5364 m.)
1206 5274 1235 5340 in
1248 5273 1361 5345 duobus
1377 5271 1450 5345 lueis
1467 5289 1536 5360 pcr-

770 5449 776 5482 l
