3666 6002
921 589 1163 660 ..Η-

412 781 586 850 seminalem
605 777 814 868 progrediens.
836 815 883 830 -
902 778 935 847 l.
957 778 989 846 l.
1008 777 1086 847 Pers
1108 775 1334 845 membranacea
1349 780 1380 839 et
1397 773 1557 858 prestation
1581 771 1722 840 uretlnrae.

411 897 505 966 Parca
530 896 690 966 eminentia
723 895 801 961 inter
834 893 866 963 l.
901 893 950 972 l„
982 894 1150 962 colliculum
1176 890 1353 960 seminalem
1382 889 1445 958 siae
1468 897 1557 976 caput
1576 887 1725 978 gallinagi·

410 1015 456 1080 nis
474 1022 531 1080 est.
549 1049 595 1062 -
609 1011 636 1079 ι’.
652 1010 768 1079 Bulbus
787 1011 941 1079 uretlrrae.
958 1047 1005 1062 —
1020 1009 1053 1078 lc.
1070 1008 1103 1080 a.
1120 1009 1198 1079 Pars
1215 1007 1338 1075 bulbosa
1355 1013 1385 1073 et
1403 1009 1563 1096 spongtosa
1580 1003 1722 1072 nrethrae.

457 1197 505 1268 lla
522 1199 767 1286 contemplatione
785 1199 880 1266 iconis
893 1197 1016 1286 lnujusce
1032 1198 1194 1286 colligitur:
1215 1195 1408 1263 directionem
1422 1187 1724 1280 porciontsmenhra-

409 1334 520 1383 naccae
536 1324 566 1381 ct
582 1283 724 1382 uutncsa'o
741 1315 893 1390 urethrae.
923 1335 992 1382 cum
1010 1316 1109 1382 aesica
1129 1314 1261 1381 urinaria
1279 1331 1371 1380 uacua
1398 1318 1428 1376 ct
1444 1308 1577 1395 collapsa
1596 1307 1647 1390 sit,
1675 1323 1727 1370 non

409 1450 497 1498 unam
516 1430 711 1518 eandemque,
732 1428 786 1498 scd
803 1431 888 1498 modo
906 1439 1071 1514 arcuatam,
1087 1429 1173 1496 modo
1190 1429 1255 1517 plus
1273 1428 1408 1496 minusve
1425 1430 1541 1492 rectam
1559 1440 1639 1502 csse,
1658 1418 1726 1506 quod

409 1546 527 1613 diversai
543 1545 640 1612 dormi
660 1541 834 1636 (angulosa,
861 1543 998 1638 globosa)
1017 1545 1136 1613 rasicae
1161 1543 1312 1612 asinariae
1330 1547 1511 1622 contractae,
1540 1537 1656 1606 diuersa
1671 1533 1724 1600 dis·

410 1660 554 1747 positione
571 1659 682 1727 orificii
698 1659 990 1730 aesicalisuretlnrac
1005 1679 1137 1728 necnon
1153 1659 1324 1727 extensione
1348 1656 1492 1745 plicarum
1510 1650 1674 1742 peritonacl
1691 1643 1726 1737 (si

410 1775 582 1842 exsudetum
600 1794 735 1844 serosum
755 1773 917 1867 continent)
937 1786 967 1845 et
983 1775 1084 1844 intesti
1100 1775 1187 1858 recti,
1210 1771 1251 1866 (si
1271 1780 1460 1843 excrementa
1476 1764 1623 1860 continet)
1642 1763 1727 1852 expli·

411 1893 473 1960 cani
491 1898 598 1978 potest.

412 2102 531 2173 Tan.
554 2103 630 2174 Η.
650 2099 786 2186 Quatnor
803 2104 950 2173 sectiones
974 2101 1067 2192 peluis
1084 2121 1136 2191 per
1164 2100 1339 2191 symplapsin
1357 2099 1443 2188 pubis
1465 2100 1495 2168 in
1520 2095 1727 2188 longitudinem

364 2239 465 2304 ductas
484 2237 651 2305 adumbrat.
674 2236 762 2305 Duae
778 2237 882 2306 harum
901 2239 1066 2307 sectionum
1086 2239 1114 2302 in
1131 2234 1337 2316 cadaveribus,
1368 2240 1433 2321 post
1453 2231 1649 2300 lithotomiam
1665 2245 1725 2316 pcr-

360 2380 457 2438 actam
474 2371 652 2460 congelatis,
679 2371 829 2440 institutae
845 2380 927 2438 sunt.
965 2369 1041 2439 Tres
1058 2369 1207 2437 sectiones
1224 2387 1278 2455 per
1294 2367 1401 2456 pelvim
1420 2367 1459 2434 ita
1476 2366 1598 2442 ductae,
1619 2369 1652 2428 ut
1667 2378 1727 2426 ossa

360 2503 452 2588 peluis
470 2501 532 2570 sola
549 2510 684 2589 persecta
702 2503 774 2583 sint,
794 2503 893 2574 uesica
912 2503 1044 2572 urinaria
1061 2522 1144 2584 nero,
1171 2509 1204 2572 et
1220 2502 1392 2570 intestinum
1409 2507 1523 2568 rectum
1542 2499 1652 2567 intacta
1669 2513 1724 2560 ma·

361 2641 461 2699 noant.
482 2630 594 2701 Tertus
627 2633 788 2703 cellulosus
806 2635 992 2726 congelatus,
1024 2635 1113 2723 adeps
1142 2643 1172 2702 ct
1188 2634 1300 2702 tasciae
1318 2633 1413 2722 pelais
1430 2632 1538 2700 collum
1570 2631 1686 2700 vesicae
1701 2633 1726 2692 et

361 2772 522 2850 prostatam
542 2766 814 2858 circumcingentes
844 2769 960 2856 scalpro
977 2769 1103 2848 nemori,
1124 2779 1155 2835 ut
1172 2768 1282 2836 limites
1307 2774 1455 2855 prostatac
1484 2775 1514 2832 et
1531 2763 1634 2832 isthmi
1663 2777 1723 2827 uro·

361 2895 445 2965 tlncae
462 2897 569 2966 melius
587 2899 618 2966 in
637 2907 827 2990 conspectum
846 2873 993 2969 uenirent.

362 3097 439 3192 Fig.
466 3101 497 3170 l.
530 3101 700 3172 Scctionem
731 3124 785 3193 per
814 3105 989 3193 symplapsin
1019 3105 1105 3192 pubis
1135 3043 1301 3184 cadaveris,
1334 3105 1363 3170 in
1383 3122 1454 3190 quc,
1486 3109 1645 3190 antequam
1663 3095 1724 3188 gclu

407 3235 573 3322 expositum
604 3243 682 3318 erat,
711 3237 906 3307 litlctomiam
936 3237 1116 3326 perinealem
1150 3231 1332 3328 (secundum
1364 3235 1533 3304 methodum
1564 3223 1724 3318 lateralem)

408 3367 535 3434 institui.

460 3549 593 3619 Cadaver
611 3552 741 3620 hominis
754 3553 856 3622 adulti.
878 3551 1014 3622 Prostata
1029 3555 1180 3623 lithotomo
1193 3554 1307 3622 occulto
1324 3553 1431 3622 incisa.
1448 3551 1577 3623 lamina
1594 3549 1724 3620 scindens

408 3667 595 3734 instrumenti
613 3666 649 3733 ad
671 3667 713 3735 t5
733 3669 786 3735 lin.
807 3665 877 3736 l‘ar.
899 3689 915 3734 a
940 3671 1046 3760 uagina
1066 3670 1159 3757 ipsius
1177 3669 1319 3756 disposita
1350 3677 1426 3738 orat.
1449 3665 1582 3756 Forceps
1600 3685 1653 3756 per
1668 3660 1724 3728 nul·

408 3801 463 3847 nus
482 3801 538 3848 non
557 3781 734 3851 introducta.
754 3781 889 3851 Cadaver
907 3785 1074 3872 paulopost
1099 3785 1299 3872 operationem
1316 3783 1385 3874 gelu
1416 3785 1594 3872 expositum.
1614 3775 1725 3850 lntcstl·

412 3916 481 3962 num
501 3908 615 3964 rectum
633 3910 820 3968 excrementa
839 3898 992 3988 congelata
1010 3901 1152 3970 continet.
1175 3896 1291 3968 Vulnus
1315 3895 1361 3988 (9.
1383 3896 1434 3984 l.)
1453 3898 1564 3966 limites
1582 3902 1724 3986 prostatus

406 4011 584 4095 posteriores
603 4031 660 4078 non
677 4013 836 4093 excedens,
859 4023 1013 4101 postquam
1043 4025 1144 4102 partes
1160 4015 1333 4105 congelatae
1355 4031 1371 4082 e
1390 4012 1487 4103 glacie
1499 4014 1614 4082 solutae
1631 4015 1721 4084 erant,

408 4145 532 4193 ecaaea
549 4127 667 4195 vesicae
683 4123 835 4198 urinantes
852 4147 988 4197 mensum
1008 4129 1028 4198 8
1049 4129 1104 4200 lin.
1124 4127 1195 4198 Par.
1217 4130 1372 4218 adaequat.
1397 4127 1559 4198 colliculus
1577 4123 1723 4198 seminalis

408 4262 465 4309 non
484 4243 595 4310 laesus.

455 4441 649 4535 chmentnm
667 4447 808 4516 sectionis
826 4447 972 4518 dentmm.
990 4488 1037 4500 -
1050 4470 1084 4518 o.
1102 4449 1279 4539 Symplnpsis
1294 4451 1393 4542 pubis.
1409 4487 1457 4504 -
1471 4449 1504 4520 d.
1520 4448 1597 4519 Pars
1610 4441 1721 4535 spongi-

407 4578 459 4625 nsa
476 4561 627 4630 aretinae.
642 4581 733 4632 -‘c.
750 4560 865 4631 uulnus
878 4565 1032 4636 urertlnrae.
1049 4565 1137 4634 -ul
1159 4566 1235 4637 Pars
1249 4566 1479 4636 membranacea
1493 4565 1720 4636 uenturae-c

406 4669 508 4741 Lulus
528 4675 649 4744 sinister
666 4685 827 4765 pronatae.
846 4713 895 4731 -
908 4678 936 4768 s.
958 4676 1067 4750 Vesica
1084 4682 1217 4750 urinaria
1240 4679 1371 4769 collapsa
1388 4689 1417 4748 et
1436 4689 1588 4768 aspectum
1604 4673 1720 4769 angulo·

407 4809 473 4856 sum
492 4791 654 4878 praehens.
671 4829 720 4844 -
732 4815 765 4882 p.
787 4793 820 4860 lu.
840 4791 935 4884 Plaga
953 4804 1100 4882 prostatus
1116 4805 1147 4866 et
1162 4798 1240 4886 perti
1266 4797 1513 4866 membranaceae
1524 4795 1662 4865 nretlnme
1678 4789 1718 4855 iu·

407 4901 502 4974 llicta.
520 4943 566 4958 -
580 4908 606 4974 i.
627 4906 805 4978 lntestinum
824 4921 952 4978 rectum.

359 5119 384 5190 F
388 5119 437 5214 ig.
456 5125 492 5193 2.
512 5125 614 5196 Sectlo
643 5146 695 5216 per
722 5129 827 5214 pelvim
857 5131 1024 5217 cadaueris,
1050 5143 1115 5224 post
1144 5135 1348 5221 cpstotomlam
1379 5135 1531 5204 lateralem
1550 5133 1717 5202 murnum,

408 5259 556 5348 congelati
576 5261 605 5326 in
624 5257 836 5352 longitudinem
854 5263 953 5334 unua.
