3682 6004
532 1417 947 1494 PASGIGULUS
986 1417 1092 1494 Η.

126 1715 338 1832 llllltllll
362 1713 540 1831 llllll
515 1710 620 1830 lllll
645 1713 751 1830 llll
754 1711 864 1862 llllll
890 1711 941 1826 ll
966 1711 1107 1828 llllll
1132 1713 1353 1844 lllllllll
1380 1713 1497 1830 lllll

266 1885 270 1892 ’
395 1884 435 2000 ΙΝ
459 1885 508 1999 lt
511 1881 761 2000 llllllllll
786 1883 836 1997 ll
862 1880 1033 2010 lllllll
1055 1879 1224 1994 llllll.
1620 1938 1622 1946 ·

171 2453 347 2522 Sectiones
374 2452 408 2522 in
437 2449 500 2520 boo
519 2451 685 2522 fasciculo
712 2452 935 2522 adumbratae
963 2453 1064 2522 modo
1092 2479 1150 2546 per
1180 2451 1442 2548 hyporbondria
1460 2463 1495 2524 et

123 2577 310 2662 utrumque
328 2566 522 2637 musculum
550 2567 709 2652 Rectum,
737 2568 839 2638 modo
860 2592 919 2662 per
937 2569 1064 2640 lincam
1083 2569 1277 2642 medianam
1300 2567 1494 2639 abdominis

124 2682 159 2750 in
178 2681 433 2776 longitudinem
453 2681 575 2752 ductae
594 2693 686 2754 sunt.

172 2798 350 2870 Sectiones
367 2821 429 2892 per
441 2812 556 2889 portes
574 2799 727 2868 lotcruler
745 2795 939 2869 abdominis
967 2797 1257 2894 tbypocbondria)
1286 2801 1321 2868 in
1341 2799 1494 2893 longitu-

123 2909 239 2982 dinem
260 2913 382 2984 ductae
400 2937 499 2984 arcus
519 2913 766 2984 nonnullarum
787 2924 959 2985 costarum
977 2925 1012 2986 et
1029 2937 1149 2986 caveas
1167 2914 1363 3006 pleurarum
1389 2913 1493 2984 simul

121 3048 201 3096 cunr
224 3051 305 3100 raro
323 3029 518 3100 abdominis
537 3029 720 3100 diffindunt
736 3040 769 3100 et
788 3031 824 3100 in
843 3041 990 3124 utroque
1008 3030 1114 3102 latere
1131 3030 1267 3118 (dextro
1285 3039 1319 3098 et
1337 3029 1492 3124 sinistro)

116 3163 138 3208 a
158 3161 254 3212 costo
271 3149 390 3236 quinto
409 3146 594 3237 incipiunt:
628 3145 775 3238 ideoque
798 3145 950 3238 cujusvis
976 3146 1138 3215 sectionis
1156 3144 1494 3236 limitcs'superiores

118 3277 205 3324 arcu
226 3270 339 3328 costae
359 3261 429 3340 5··‚
452 3259 642 3328 anteriores
662 3271 695 3327 et
714 3259 919 3352 posteriores
936 3259 1102 3330 musculis
1120 3258 1314 3330 abdominis
1332 3271 1366 3332 et
1384 3259 1491 3340 dorsi.

120 3369 306 3442 inferiores
324 3395 406 3442 vero
425 3372 559 3442 ossibus
579 3373 802 3442 innominatis
823 3372 931 3464 pelvis
949 3372 1233 3444 determinantur.

168 3487 350 3560 Sectiones
369 3490 522 3582 regionis
540 3489 713 3556 medionec
735 3487 972 3582 (umbiliealis)
992 3487 1187 3559 abdominis
1204 3487 1306 3558 modo
1327 3511 1385 3582 per
1403 3513 1491 3560 mar·

120 3601 221 3694 gines
239 3613 412 3688 externos,
442 3603 545 3673 modo
569 3626 629 3698 per
654 3608 828 3696 margines
860 3605 1012 3678 internos
1041 3605 1275 3676 musculorum
1307 3607 1493 3676 Raetorum

121 3716 317 3788 abdominis
341 3727 376 3790 et
398 3743 459 3812 per
477 3718 605 3788 lineam
623 3718 736 3792 albam
756 3719 932 3790 institutae
946 3729 1036 3790 sunt.
1058 3721 1191 3790 llarum
1206 3723 1399 3793 sectionum
1410 3725 1493 3814 fines

124 3835 228 3926 igitur
253 3846 346 3906 sunt:
378 3857 524 3928 superne
550 3832 777 3928 diaphragma
802 3847 836 3904 et
853 3833 1111 3915 mediastinum,
1132 3845 1211 3906 ante
1229 3836 1376 3906 musculi
1394 3837 1493 3906 llecti

122 3948 318 4020 abdominis
335 3961 369 4019 et
385 3949 476 4020 linea
495 3947 587 4030 alba,
609 3973 698 4043 pone
717 3972 836 4022 versus
855 3948 1019 4022 columna
1038 3949 1290 4030 vertebrarum,
1319 3951 1409 4020 inira
1435 3947 1494 4020 de·

122 4066 227 4158 nique
245 4086 322 4135 ossa
338 4065 440 4159 pubis
458 4080 493 4134 et
509 4088 547 4133 ns
564 4087 713 4136 sacrum.

169 4182 209 4248 ln
228 4178 454 4256 sectionibus.
474 4203 563 4273 quae
590 4204 649 4272 per
675 4182 961 4272 hyporboudrirun
990 4183 1144 4252 deutrum
1174 4181 1210 4250 in
1234 4177 1490 4272 longitudinem

121 4293 245 4366 ductae
262 4305 354 4372 sunt.
375 4309 511 4364 caterno
532 4295 637 4366 iacies
654 4294 839 4386 cujuslibet
870 4295 955 4366 disci
982 4298 1124 4390 persecti
1152 4295 1255 4366 simul
1279 4306 1331 4364 est
1355 4295 1488 4374 deson.

121 4413 253 4480 intonso
272 4432 354 4481 vcro
374 4409 501 4496 (lineae
519 4409 698 4481 medianae
719 4413 874 4506 corporis
892 4412 1045 4510 propior)
1066 4410 1170 4484 simul
1186 4414 1336 4486 sr'oirtro.
1363 4413 1490 4480 otrico

121 4547 218 4595 versa
237 4525 274 4596 in
291 4525 502 4599 sectionibus
519 4527 767 4618 bypoclroudrr‘i
780 4529 910 4597 sinistri
932 4527 1036 4596 facies
1055 4529 1186 4596 interna
1203 4527 1366 4595 sectionis
1385 4529 1490 4596 etiam

122 4644 257 4720 cluntre,
278 4656 414 4712 esterno
433 4663 516 4710 vcro
535 4641 639 4712 simul
659 4645 794 4712 ar'ar'atru
814 4651 865 4712 est
884 4643 991 4726 (coni.
1014 4663 1094 4734 pag.
1118 4644 1149 4716 1.
1171 4642 1269 4711 Fasc.
1291 4646 1326 4710 2.
1348 4643 1407 4730 A).

170 4773 344 4852 leonibus,
366 4799 454 4870 quae
471 4775 640 4846 sectiones
657 4799 719 4866 per
741 4776 992 4866 bppocbondriu
1024 4776 1057 4842 in
1085 4773 1339 4868 longitudinem
1371 4773 1490 4844 ductas

121 4889 340 4972 adumbrant,
366 4890 558 4960 illustratur
575 4901 693 4960 mutua
714 4889 894 4983 dispositio
914 4889 1040 4984 pyloni,
1072 4887 1143 4959 lobi
1169 4888 1281 4959 dextri
1307 4889 1439 4983 hepatis
1456 4901 1491 4958 at

121 5007 215 5076 renis
244 5005 356 5076 dextri
373 5029 452 5078 cum
470 5004 548 5076 colo
566 5005 784 5084 ascendente.
819 5008 852 5076 in
872 5003 1131 5098 bypocbondrio
1158 5003 1293 5090 dextro,
1314 5027 1422 5098 aeque
1449 5027 1489 5074 ac

123 5121 221 5202 lundi
239 5121 438 5206 ventriculi,
459 5122 558 5194 lienis
576 5123 719 5194 strenis
737 5122 867 5192 sinistri
886 5145 964 5192 cum
979 5122 1055 5196 colo
1070 5119 1308 5200 descendente,
1331 5119 1366 5188 in
1381 5117 1488 5214 bypo·

122 5237 289 5308 rbondrio
307 5237 459 5307 sinistro.

230 5337 304 5390 roso.
321 5341 337 5390 s
353 5339 386 5392 a,
1367 5321 1381 5386 1
