3682 6004
685 512 932 589 ..affi-

113 785 314 846 transrerse
343 785 495 870 percocta
532 775 591 858 sit,
626 773 797 848 dirsrsa'm
814 795 903 846 eccs:
939 774 1012 847 lere
1029 773 1214 849 rotundam
1232 772 1333 869 (Tab.
1353 776 1415 857 Ἠ,
1434 775 1496 868 bd)

113 911 221 984 prope
259 889 394 984 apicem
424 899 458 960 at
489 889 654 963 isthmum
688 888 864 972 uretlrrac;
889 888 1146 962 cordiiormem
1180 891 1216 962 in
1256 890 1369 963 media
1402 902 1497 985 parte

113 1002 215 1096 (Tab.
231 1006 312 1100 NJ:
331 1005 403 1074 lere
422 1002 700 1099 quadrangulam
716 1028 825 1100 prope
843 1003 957 1076 basin.
1009 1022 1012 1030 ’

158 1117 285 1190 Plures
308 1119 590 1193 adumbrationes
617 1130 794 1214 praetem
819 1128 1010 1214 prostatam
1029 1118 1166 1192 diverso
1191 1118 1311 1200 modo,
1340 1119 1433 1214 quod
1460 1116 1496 1192 in

110 1230 260 1324 dirersis
284 1233 510 1306 litbotomiac
538 1233 711 1305 methodis
728 1235 870 1314 accidit,
890 1243 1101 1307 transactam
1131 1241 1166 1306 et
1184 1232 1308 1306 dcioda
1340 1235 1377 1306 ln
1395 1233 1495 1307 cada·

110 1369 190 1418 rere
210 1348 397 1444 congelato
417 1361 585 1420 trasrerse
604 1359 795 1445 persectam
810 1349 994 1444 effingunt.
1144 1403 1148 1412 .

157 1461 214 1533 Ad
234 1465 355 1535 icones
373 1461 447 1551 bas,
465 1486 556 1558 quaa
574 1465 812 1559 operationem
840 1463 1061 1537 litbotomiae
1075 1461 1299 1560 perlustrant.
1326 1463 1414 1536 bene
1443 1465 1498 1536 io·

108 1575 320 1672 telligcndas
333 1577 418 1649 baec
435 1578 620 1650 observare
637 1603 776 1651 necesse
796 1591 861 1652 csta
899 1582 966 1651 ¹⁰¹⁰
984 1579 1164 1651 Secticuas
1179 1577 1272 1650 bunc
1289 1577 1333 1648 ad
1351 1601 1494 1674 scopum

107 1715 169 1785 per
184 1691 317 1781 pelvim
331 1693 504 1766 minorem
522 1694 643 1766 ductas
674 1695 782 1786 (conl.
820 1693 907 1765 Tab.
927 1693 1090 1788 aa-at)
1111 1691 1318 1788 plerumque
1331 1693 1495 1766 directio·

108 1827 187 1878 nem
204 1829 277 1878 uon
292 1807 358 1880 rite
374 1817 620 1888 transversam,
637 1809 701 1880 sed·
714 1811 831 1905 potius
848 1809 994 1904 obliquo
1014 1818 1246 1898 transversam
1265 1813 1374 1904 sequi,
1395 1811 1443 1880 ita
1457 1820 1496 1881 ot

108 1923 201 1996 linea
225 1948 347 1997 secans
365 1949 385 1996 a
404 1927 581 2022 sympbysi
600 1927 701 2021 pubis
718 1926 823 1998 ωοᾶο
841 1926 1021 2008 deorsum,
1042 1923 1146 1998 modo
1164 1923 1267 2018 paulo
1287 1946 1422 1996 sursum
1443 1924 1492 1998 dl·

108 2051 207 2110 recta
224 2043 283 2118 sit.
315 2040 409 2135 quod
427 2063 472 2114 ex
492 2051 589 2138 parte
612 2039 787 2112 ediverso
809 2039 920 2134 gradu
940 2039 1179 2112 inclinationis
1197 2039 1308 2133 pelvis
1325 2040 1361 2112 in
1380 2039 1494 2112 diver·

107 2157 154 2226 sis
172 2156 418 2236 cadaveribus,
438 2180 482 2226 ex
497 2167 594 2250 parte
610 2179 629 2226 a
645 2154 781 2226 diverso
796 2155 879 2236 altu,
894 2154 931 2225 in
946 2178 1015 2250 quo
1034 2153 1152 2248 pelves
1169 2153 1249 2248 gelu
1267 2161 1408 2229 coactae
1424 2165 1492 2226 sta·

106 2267 231 2342 bilitae
258 2281 369 2349 erant,
397 2269 627 2364 dependebat,
657 2269 784 2376 partim
802 2291 886 2341 reto
904 2293 947 2342 eo
964 2269 1142 2365 proposito
1160 2291 1182 2340 a
1197 2291 1253 2342 me
1275 2270 1406 2344 factum
1426 2280 1490 2355 est,

106 2397 146 2456 ut
163 2399 280 2481 partes
306 2385 468 2458 uretbrae
486 2397 520 2458 et
538 2395 726 2482 prostatus,
765 2390 856 2458 inter
882 2388 1121 2482 operationem
1138 2384 1264 2470 laesae,
1286 2383 1414 2457 clarius
1431 2409 1494 2460 cx·

105 2512 299 2594 ponantur.
329 2504 391 2574 2⁶⁰.
407 2501 546 2597 plagam
567 2511 741 2596 prostatus
776 2499 957 2580 inllictam.
979 2501 1132 2579 etiamsi,
1150 2509 1190 2571 ut
1209 2523 1284 2572 mos
1300 2509 1366 2581 cst,
1385 2499 1428 2574 in
1445 2504 1493 2573 si·
1560 2585 1564 2594 Ι

106 2617 220 2687 nistro
248 2617 357 2688 latere
391 2617 545 2710 perinaei
572 2615 750 2686 cadaveris
776 2615 930 2698 ductam,
962 2616 1036 2686 lere
1053 2617 1255 2708 campanio
1274 2616 1489 2690 sectionibus

106 2731 220 2824 pelvis
238 2717 441 2802 transversis
454 2731 630 2804 sinistrum
648 2729 787 2803 lectoris
805 2739 973 2824 spectare,
992 2729 1080 2823 (vid.
1095 2729 1183 2801 Tab.
1199 2732 1376 2817 22-94),
1395 2731 1490 2828 quod

104 2847 213 2916 lacile
232 2847 442 2942 explicatur,
474 2847 504 2918 si
533 2847 570 2916 in
590 2847 795 2917 memoriam
813 2867 956 2916 revocas
974 2846 1010 2915 in
1028 2843 1155 2916 tabulis
1172 2845 1227 2918 bic
1245 2845 1369 2919 faciem
1387 2868 1488 2940 supe·

103 2964 238 3034 riorem
257 2963 429 3056 segmenti
448 2960 560 3036 infimi
579 2961 691 3055 pelvis
709 2970 884 3056 persectue
910 2959 966 3030 rel
992 2959 1118 3032 taciem
1142 2959 1299 3033 infimam
1326 2963 1489 3034 sectionis

96 3075 348 3149 adumbratam
369 3099 456 3148 esse.

146 3190 298 3286 Effigies
331 3192 393 3262 bas
422 3188 713 3284 perlustrantibus
742 3189 857 3272 nobis,
891 3189 1093 3276 discrimen,
1112 3191 1206 3285 quod
1225 3191 1315 3263 inter
1332 3191 1487 3264 diversas

95 3305 327 3377 litbotomlae
346 3303 528 3375 methodos
541 3315 606 3382 cst,
623 3315 659 3374 et
671 3303 851 3376 commoda
866 3303 1157 3400 ipcommadaquc
1175 3304 1322 3378 dirersis
1338 3329 1487 3402 operan-
1601 3322 1610 3340 ⁸

96 3419 134 3492 di
155 3421 275 3493 modis
291 3419 446 3516 propria,
478 3420 681 3514 praesertim
710 3443 754 3490 ex
772 3420 1034 3515 comparatione
1051 3443 1131 3492 cum
1149 3421 1309 3494 iconibus
1327 3423 1485 3495 fasciculi

98 3537 167 3608 38.
193 3536 286 3608 clara
319 3533 540 3640 ‹st-distincte
558 3533 758 3608 elucebunt.
792 3535 1320 3630 ¹Siccontcmplationeiconum
1337 3539 1486 3610 lib-26

101 3652 278 3723 diversam
296 3650 539 3727 directionem.
558 3649 813 3722 dimensionem
832 3650 1079 3745 diversumque
1092 3661 1269 3746 aspectum
1289 3653 1482 3747 plagarum.

103 3791 196 3864 quae
214 3777 387 3863 prostatae
407 3776 443 3838 et
455 3766 548 3839 collo
567 3767 702 3837 rasicae
719 3764 762 3836 ad
781 3764 956 3837 calculum
987 3765 1239 3838 extrahendum
1259 3765 1480 3860 infliguntur.

103 3883 285 3978 multaque
302 3884 385 3964 alia,
417 3901 507 3977 quae
536 3883 573 3951 ln
601 3881 834 3975 dijudicandis
847 3880 1024 3977 periculis.
1044 3881 1172 3976 quibus
1188 3881 1389 3954 lithotomia
1406 3907 1481 3956 rer·

103 4007 214 4079 satur,
241 4007 346 4093 atque
363 3993 535 4076 consiliis,
564 4017 653 4092 quae
671 3998 707 4068 iu
726 3998 930 4091 operatione
947 3995 1012 4068 bac
1030 3996 1245 4069 instituenda
1263 3998 1362 4094 sequi
1379 4021 1482 4094 opor·

103 4123 165 4198 tet,
186 4113 252 4184 rite
269 4113 526 4207 cognoscimus.
1049 4133 1053 4142 ·

150 4227 343 4321 Praecipue
372 4249 456 4298 raro
487 4226 552 4296 bae
582 4227 781 4320 questiones
811 4225 1032 4320 chirurgicus
1062 4227 1237 4323 captiosae
1270 4228 1481 4302 sectionibus

103 4343 231 4414 nocuis
248 4339 476 4437 probabiliter
493 4341 626 4412 solutae
644 4351 738 4412 suat:

152 4460 190 4529 l‘.
209 4457 248 4527 ln
266 4455 431 4527 mctbodo
449 4457 677 4549 cystotomiae
695 4453 846 4538 laterali,
861 4455 948 4527 adeo
967 4455 1045 4549 lego
1058 4455 1145 4526 artis
1156 4456 1328 4540 instincta,
1344 4461 1478 4555 plagam

102 4580 276 4665 prostataa
295 4571 463 4642 indictam
481 4593 552 4640 non
569 4593 719 4665 semper.
750 4581 791 4640 nt
807 4581 967 4644 auctores
994 4569 1140 4648 docent.
1176 4570 1360 4646 directioni
1389 4576 1479 4648 radii

100 4684 254 4758 lateralis
273 4687 449 4758 interieris
467 4685 571 4780 bujus
588 4684 775 4780 glandulae
792 4685 1016 4782 respondere.
1205 4664 1210 4684 ’

147 4805 187 4874 2.
208 4801 364 4898 Plagam.
385 4823 456 4896 qua
473 4801 593 4871 cervix
610 4801 749 4872 'vesicae
767 4801 900 4896 patefit,
919 4801 1101 4897 praecipue
1118 4801 1156 4872 in
1170 4805 1377 4896 cystotonaia
1393 4807 1480 4881 late-

101 4917 302 4997 rali.rarius
320 4918 355 4988 in
373 4915 562 4994 bilatcrali.
582 4915 768 4988 circuitum
783 4925 960 5012 prostataa
977 4915 1160 5000 excedere,
1178 4927 1283 5015 atque
1300 4921 1475 5016 capsulam

102 5031 444 5127 resicoprostaticam
463 5042 500 5101 ct
514 5031 656 5102 fasciam
675 5029 958 5104 rectoresicalem
975 5030 1082 5104 laedi.

147 5148 185 5218 3.
207 5149 245 5217 ln
265 5144 457 5218 encheiresi
483 5148 507 5218 a'
521 5169 577 5218 me
596 5146 956 5242 commendata.quae
973 5147 1009 5218 in
1028 5146 1190 5242 plurimis
1208 5159 1243 5221 et
1258 5149 1376 5244 parvis
1390 5149 1477 5224 inci·

101 5259 260 5332 sionibus
277 5271 449 5356 prostatae
465 5263 564 5334 varia
582 5260 776 5336 directione
797 5262 911 5335 ductis
935 5273 971 5334 et
987 5262 1155 5360 peculiari
1179 5263 1323 5338 cultello
1340 5267 1479 5344 institu-
