3736 6008
752 555 996 624 ..5-

188 810 326 884 diversa
361 801 530 909 corpora,
568 825 687 888 ventre
709 825 851 890 extenso
875 827 909 890 et
930 817 1098 913 collapso,
1121 817 1269 889 institui.
1301 819 1439 903 icones¹
1473 841 1563 914 quae

189 929 359 1000 sectiones
378 929 547 1024 ejusmodi
567 931 788 1014 adumbrant,
826 931 868 1003 ad
901 934 1112 1018 mutationes
1146 933 1182 1003 in
1208 933 1275 1001 situ
1296 931 1482 1002 ventriculi
1502 931 1560 1002 de·

188 1033 429 1115 monstrandas
446 1069 550 1140 quam
567 1049 719 1118 maxime
737 1046 883 1118 idoneae
901 1059 994 1131 sunt,
1015 1049 1198 1143 praecipue
1215 1049 1243 1117 si
1263 1070 1341 1117 cum
1355 1045 1480 1116 tabulis
1493 1047 1562 1118 fas·

187 1158 292 1230 ciculi
307 1160 343 1242 3,
363 1161 404 1231 B.
424 1170 682 1255 comparentur:
703 1163 847 1255 picturis
865 1163 993 1233 etenim
1011 1161 1065 1234 bis
1082 1160 1284 1242 linearibus,
1301 1163 1437 1232 varium
1456 1161 1561 1232 situm

188 1276 358 1347 stomachi
387 1277 481 1372 pleni
512 1280 662 1372 perfecte
682 1277 789 1350 alium
812 1302 899 1354 esse.
925 1303 1029 1374 quam
1048 1279 1231 1372 scriptores
1249 1277 1436 1348 anatomici
1455 1277 1561 1372 vulgo

188 1389 397 1462 contendere
413 1392 538 1475 solent.
559 1393 814 1464 evidentissime
833 1393 1013 1490 probatur.
1038 1392 1106 1464 Sed
1124 1391 1164 1464 de
1181 1391 1236 1464 bis
1253 1393 1363 1463 fusius
1381 1392 1486 1464 inira.

236 1593 360 1677 Quoad
377 1593 779 1680 musculosabdominis,
801 1618 1032 1691 aponeuroses
1050 1606 1085 1668 et
1100 1596 1223 1668 fascias
1240 1595 1384 1668 fibrosas
1402 1597 1485 1690 ipsis
1501 1595 1562 1666 ad·

189 1729 310 1790 nexas,
346 1711 516 1781 sectiones
546 1720 762 1783 transversae
787 1713 824 1782 in
843 1711 1020 1784 nonnullis
1037 1711 1196 1783 iconibus
1213 1709 1437 1782 adumbratae
1470 1709 1558 1804 (vid.

186 1821 275 1894 Tab.
293 1825 376 1907 dm.
398 1827 479 1902 9⁸¹³.
503 1829 605 1908 tom,
630 1830 720 1898 11¹m
737 1838 771 1899 et
793 1829 896 1923 ΗΜ)
917 1828 1182 1922 dispositionem
1198 1829 1417 1922 vaginarum,
1435 1824 1561 1923 quibua

186 1938 335 2011 musculi
366 1940 402 2012 bi
430 1943 555 2014 inclusi
573 1953 665 2028 sunt,
697 1954 856 2015 motuum
886 1965 1016 2016 noxum
1049 1943 1252 2029 fasciarum,
1288 1951 1391 2038 atqua
1423 1942 1560 2014 divorsa

186 2065 289 2127 strata
307 2060 558 2147 musculorum,
580 2070 685 2156 prout
701 2063 738 2133 in
756 2061 822 2132 hac
839 2063 895 2134 vel
914 2061 975 2133 illa
991 2061 1136 2155 regiona
1153 2055 1349 2130 abdominis
1367 2057 1564 2146 insopitus-
1603 2138 1607 2146 .

187 2180 257 2256 tur,
276 2185 551 2268 repraesentant.

234 2379 274 2446 ln
293 2375 454 2470 plurimis
474 2378 619 2472 picturis
635 2378 826 2450 linearibus
844 2381 1038 2450 sectionum
1056 2387 1330 2448 concremarem
1347 2374 1557 2460 abdominis,

186 2491 215 2560 si
234 2510 314 2562 cnm
331 2493 491 2564 iconibus
507 2494 666 2566 fasciculi
686 2495 750 2580 ΞΜ,
776 2517 866 2589 quae
878 2495 1048 2566 sectiones
1066 2501 1276 2564 transversas
1293 2489 1445 2564 tlaorocis
1459 2490 1559 2564 effin-

186 2615 286 2699 gunt,
306 2618 563 2703 comparentur,
584 2609 754 2683 diversam
772 2610 877 2681 etiam
896 2609 1043 2702 liguram
1057 2604 1229 2678 medullae
1241 2605 1384 2702 spinalis
1396 2605 1560 2680 indiver-

186 2721 232 2791 sis
249 2721 450 2816 regionibus
469 2725 652 2796 columnae
671 2724 876 2798 vertebralis
894 2733 1070 2819 persectae
1087 2720 1303 2814 designatam
1319 2719 1491 2792 invenies.

233 2931 374 3012 Omnia,
397 2953 486 3027 quaa
505 2927 548 2999 do
565 2929 777 3003 sectionibus
794 2953 920 3002 caveae
937 2928 1047 3024 pelvis
1060 2925 1229 3000 adnotare
1239 2945 1380 2998 necans
1394 2929 1457 3014 est,
1479 2925 1558 3018 pbr·
1599 3011 1600 3019 ἵ

184 3043 281 3117 ribos
300 3047 390 3118 inlro
409 3068 594 3141 exponam.
647 3091 658 3110 .
