3704 6008
311 739 515 832 oesophagnm
532 739 640 830 injeeto
664 761 721 810 non
743 741 827 812 eride
846 744 974 816 extensi.
1002 741 1134 814 Musonii
1151 743 1182 812 in
1200 743 1322 812 sinistro
1341 735 1527 814 solummodo
1543 741 1641 812 latero

310 858 455 926 seotionis
471 857 610 928 detinenti
626 869 707 928 sunt.
735 857 829 931 ania
845 862 916 930 uitia
933 863 1088 952 aporiae,
1108 860 1135 928 si
1151 859 1325 930 enudatam
1341 877 1479 928 aerosum
1495 859 1638 949 exiguum

313 969 345 1038 in
363 992 435 1040 enno
452 973 618 1042 abdominis
636 975 801 1062 exceperis.
875 1014 878 1023 ·
1318 997 1325 1009 ·

365 1155 615 1227 Feoiesseetionis
629 1159 863 1229 iniurium-A.
875 1159 992 1250 Corpus
1006 1159 1161 1231 uertebrae
1174 1161 1314 1229 tumbalis
1331 1161 1386 1228 ι’·
1401 1159 1437 1228 ed
1453 1148 1543 1230 stin.
1559 1153 1633 1226 Par.

308 1271 383 1340 inira
396 1273 700 1364 mrtiiaginem,qnae
714 1278 882 1344 vertebram
895 1278 971 1346 hano
984 1298 1052 1346 eum
1069 1277 1291 1361 12¹,nertebra
1304 1276 1385 1344 dorsi
1398 1275 1635 1364 jungitperseo·

307 1387 642 1480 tnnr.-B.Cartilago
656 1391 819 1460 ιιιῑιι9·θ
832 1393 967 1462 destrae.
985 1391 1017 1459 in
1031 1392 1124 1461 intere
1138 1393 1258 1460 sinistro
1271 1393 1398 1478 spatium
1414 1391 1490 1456 inter
1503 1388 1548 1457 N.
1559 1386 1632 1455 etL.

309 1500 467 1570 interstitio
486 1489 666 1574 intereostaii
690 1527 765 1593 nono
783 1508 953 1594 respondet.
977 1505 1016 1575 G.
1036 1505 1084 1576 D.
1107 1505 1148 1576 Ε.
1173 1504 1281 1574 Cestae
1300 1505 1374 1573 tu·
1398 1505 1457 1572 tt·
1492 1501 1564 1570 id·
1587 1536 1638 1552 -

309 1613 353 1682 F.
376 1614 453 1684 Mm
470 1617 1076 1710 LongissinrnsdorsietSaeroinmbaiis.
1095 1627 1202 1692 —G.
1223 1619 1269 1718 Μ.
1290 1620 1472 1690 Latissimns
1490 1617 1584 1714 dorsi.
1588 1651 1637 1668 -·

277 1759 289 1787 .·
306 1727 355 1798 Μ.
373 1729 420 1799 Μ.
437 1731 869 1823 Serratuspostiensinferior.
886 1733 1018 1805 KMm.
1029 1735 1245 1804 intereostaies
1250 1735 1336 1803 -L
1354 1735 1402 1804 Μ.
1420 1731 1639 1802 Reetusabdo·

310 1845 412 1915 menis
417 1849 514 1918 -M
532 1851 577 1920 M.
594 1848 765 1932 Quadratus
784 1853 965 1922 lumborum.
985 1853 1028 1921 N.
1049 1852 1095 1920 Ν.
1113 1850 1328 1942 Diapiragma,
1346 1869 1431 1938 oopus
1445 1847 1637 1914 dorsennus

311 1960 763 2053 euiaresiuspatiointereostaii
782 1987 850 2034 enm
864 1968 1005 2036 librism.
1017 1963 1195 2035 Transversi
1214 1967 1380 2035 abdominis
1398 1963 1634 2033 oouiiataesunt.

312 2105 432 2151 -α.α.
449 2078 525 2148 Pars
539 2083 641 2148 intima
654 2084 735 2148 saeei
760 2084 880 2170 pleurae
894 2084 1112 2152 destrae-o.
1124 2103 1199 2151 mo.
1219 2082 1345 2151 Lamina
1362 2079 1512 2178 parietaiis
1526 2077 1636 2164 perito·

310 2198 377 2264 nnei
395 2207 424 2263 et
440 2197 615 2265 iniieriones
645 2201 738 2286 ipsius
756 2201 784 2266 iu
802 2201 944 2267 iaminarn
967 2209 1119 2268 externam
1139 2199 1282 2267 mesoeoii
1313 2197 1429 2266 sinistri
1455 2217 1495 2297 s.¹
1512 2194 1636 2261 deseen-

311 2309 408 2379 dentis
427 2307 522 2394 (eirea
540 2313 565 2396 ι’)
585 2314 661 2379 etin
680 2311 712 2380 d.
733 2314 874 2381 irminam
892 2324 1045 2382 externam
1059 2313 1203 2382 messenii
1217 2313 1311 2382 dextri
1325 2335 1353 2382 s.
1370 2311 1573 2380 ascendentis.
1585 2343 1636 2358 -

311 2449 384 2495 o.o.
422 2424 528 2494 Parios
547 2427 671 2494 interior
688 2439 864 2496 curvaturae
883 2431 1004 2516 majoris
1022 2430 1191 2510 rentrieuii,
1212 2431 1262 2517 qui
1280 2429 1408 2524 ¹gineiem
1428 2425 1570 2494 eontinet.
1585 2455 1638 2476 -

311 2537 367 2608 Μ’.
389 2537 446 2609 d’'.
467 2537 650 2610 Ensndatnm
668 2563 805 2610 serosunn
820 2543 1007 2634 congelatum
1026 2546 1056 2611 in
1073 2565 1144 2612 earo
1163 2545 1338 2632 peritonaei.
1355 2539 1488 2638 -d.d.
1520 2538 1634 2608 Carum

311 2657 420 2724 omenti
432 2657 555 2744 majoris
569 2659 598 2724 in
612 2659 677 2726 loeo
690 2660 746 2726 hoe
757 2659 840 2751 large
853 2659 1136 2748 apertum.-Mr''.
1146 2683 1173 2729 e.
1187 2683 1214 2728 e.
1225 2657 1398 2728 Mesoeoion
1415 2665 1632 2736 transuersum,

298 2768 347 2841 ἰι
364 2773 477 2840 duodus
490 2771 609 2840 taurinis
626 2771 795 2861 (superiore
813 2783 843 2841 et
857 2773 1011 2868 inferiore)
1031 2775 1239 2863 compositum,
1259 2793 1385 2862 quarunt
1408 2771 1543 2882 superior
1566 2787 1635 2834 enm

293 2889 474 2976 posteriore
508 2889 620 2975 pariete
652 2889 788 2958 caritatis
810 2891 920 2957 omenti
939 2889 1062 2978 majoris
1082 2890 1210 2957 eoniiata
1229 2900 1286 2967 est;
1307 2889 1417 2956 lamina
1435 2905 1504 2953 uero
1534 2883 1636 2950 infima

301 3001 463 3073 'meando
480 3003 660 3071 meseuterio
679 3005 770 3091 (quod
788 3005 864 3073 inire
882 3008 1046 3072 seetionem
1064 2982 1214 3072 eonditum
1232 3009 1291 3089 est)
1311 3003 1480 3071 servit.-
1493 2997 1526 3068 d.
1537 2995 1578 3066 'd
1596 2996 1631 3064 d.

309 3117 434 3186 iniierio
452 3117 631 3186 laminarum
651 3119 792 3186 mesoeoli
811 3121 891 3187 eirea
909 3123 1066 3189 transitum
1086 3121 1218 3186 intestini
1232 3119 1383 3187 duodeni'
1375 3139 1405 3184 nn
1418 3115 1552 3205 jejunum
1570 3109 1635 3207 (ir)

310 3235 442 3322 perfecie
467 3233 643 3321 collapsum,
671 3253 748 3322 quae
765 3245 917 3323 aspectum
935 3237 1070 3303 raritatis
1099 3236 1184 3324 quasi
1203 3234 1376 3323 proeliaris,
1395 3252 1412 3300 a
1430 3251 1501 3299 ervo
1523 3247 1636 3319 magno

267 3363 291 3404 ϊ
310 3350 475 3437 peritonaei
500 3351 664 3436 sejunctae,
691 3351 787 3420 offert.
808 3387 857 3402 -
874 3373 936 3419 ιι.
958 3349 1114 3419 Partieuia
1137 3351 1271 3440 eorporis
1297 3347 1476 3437 panereatis.
1490 3379 1540 3396 -
1557 3341 1631 3410 dd.

293 3463 467 3532 *Transitns
500 3466 595 3552 partis
631 3463 837 3533 descendentis
871 3465 997 3534 duodeni
1015 3469 1044 3534 in
1063 3474 1177 3553 partem
1211 3475 1413 3533 transuersam
1447 3461 1632 3541 interiorem,

270 3579 467 3666 .·'iiqttorem‘
491 3580 679 3670 eongeiatnm
713 3582 880 3650 eontinens.
901 3618 947 3634 -
967 3603 995 3650 e.
1020 3579 1133 3648 Tantus
1159 3581 1330 3661 eettntosus,
1368 3581 1446 3647 inter
1478 3587 1636 3662 utramque

311 3693 453 3761 laminam
471 3695 612 3762 mesoeoii
631 3695 808 3780 transversi,
833 3716 923 3784 prope
944 3695 1077 3764 radicem
1099 3696 1192 3782 ipsius
1217 3695 1281 3780 (nbi
1303 3694 1430 3762 laminae
1453 3692 1526 3759 istae
1549 3689 1634 3780 large

313 3809 391 3878 inter
426 3830 459 3878 se
488 3809 624 3903 distant),
645 3811 757 3879 taurina
780 3814 933 3900 superiore
957 3831 1041 3879 serra
1058 3819 1182 3894 remota,
1209 3811 1372 3879 denudatus
1405 3819 1493 3896 atque
1527 3823 1635 3892 eorpus

309 3927 477 4014 panereotis
497 3921 593 4016 (oe.)
619 3935 649 3993 et
670 3927 827 3992 transitum
857 3929 951 4014 partis
968 3925 1173 3994 descendentis
1191 3927 1317 3994 duodeni
1335 3927 1364 3992 in
1392 3933 1507 4012 partem
1536 3931 1635 3988 trans·

287 4056 429 4108 r*uersam
445 4041 616 4108 interiorem
634 4034 707 4131 (dd)
719 4040 1050 4132 circumcingens-s.
1067 4039 1239 4110 Frustninm
1254 4041 1400 4130 marginis
1413 4036 1563 4108 inferioris
1576 4035 1636 4102 tobi

312 4154 408 4223 dextri
440 4155 568 4242 hepatis,
601 4154 696 4224 libere
714 4157 743 4222 in
761 4177 832 4224 earo
850 4159 1012 4245 peritonaei
1030 4168 1148 4224 natans.
1167 4191 1217 4207 -
1233 4177 1266 4243 p.
1286 4153 1391 4224 Parios
1425 4155 1549 4222 inferior
1576 4149 1635 4219 ooii

280 4306 284 4324 ·
311 4266 513 4354 aseendeutis,
529 4290 620 4358 prope
636 4269 782 4338 flexuram
800 4273 984 4356 dextrum,et
995 4273 1138 4339 transitus
1153 4271 1246 4358 ipsius
1264 4273 1293 4338 in
1311 4271 1396 4338 eolon
1412 4279 1630 4340 transuersum.

313 4383 459 4472 liquorem
491 4387 678 4476 congelatum
712 4389 878 4454 continens.
898 4421 948 4437 --
965 4384 997 4453 ir.
1018 4384 1110 4454 Coion
1142 4397 1359 4454 transuersum.
1373 4421 1424 4438 -
1440 4386 1465 4451 i.
1486 4379 1636 4450 Portionia

311 4501 436 4587 parietis
454 4501 605 4568 interioris
623 4502 680 4568 eoii
694 4501 858 4568 transversi
876 4521 966 4589 prope
984 4503 1142 4570 transitum
1159 4503 1189 4568 in
1207 4501 1292 4568 eoion
1303 4503 1486 4569 descendens
1503 4507 1533 4564 et
1548 4495 1634 4562 eoion

313 4614 495 4684 descendeus
529 4616 626 4704 ipsum
661 4615 837 4704 eoiiapsum.
856 4651 903 4666 ·-
920 4614 954 4685 ir.
975 4616 999 4685 t.
1019 4613 1087 4684 lien
1104 4617 1204 4684 denter
1221 4625 1251 4684 et
1267 4616 1389 4684 sinister
1420 4633 1512 4701 prope
1540 4611 1635 4680 iilum

312 4730 454 4820 persenti.

360 4955 411 5032 Ad
441 4961 666 5050 dispositionem
683 4962 878 5050 multipiieenr
895 4964 1073 5032 laminarum
1090 4963 1254 5050 peritonaei
1271 4962 1302 5029 in
1324 4960 1409 5029 ioone
1436 4959 1493 5027 irae
1521 4956 1633 5026 ndum-

312 5075 429 5146 iratam
445 5076 522 5146 nono
538 5075 775 5166 inteiligondnm,
794 5089 898 5146 notare
911 5079 1033 5169 dignum
1051 5089 1109 5147 est:
1134 5079 1167 5174 t)
1188 5080 1350 5146 sectionem
1365 5077 1405 5143 ita
1418 5074 1535 5142 duetam
1549 5091 1629 5152 esse¹

313 5199 348 5260 nt
373 5190 543 5260 mesoeoion
573 5199 776 5259 transuersum
797 5188 847 5282 (ιι
864 5194 977 5264 duabus
1010 5195 1128 5264 laminis
1163 5193 1359 5282 oompositnm
1376 5203 1405 5261 et
1421 5213 1489 5262 enm
1522 5189 1634 5278 pariete

274 5340 289 5374 n·
311 5309 477 5398 posature
505 5306 619 5377 omenti
647 5306 769 5397 majoris
797 5307 974 5405 mnnonn)
999 5311 1207 5380 sinistrorsum
1235 5327 1290 5398 per
1305 5321 1462 5398 utrumqne
1477 5307 1632 5392 laminam,
