3682 6004
866 455 1122 574 ...ib-¹

297 725 427 800 multos
459 751 569 802 annos
602 733 639 802 in
668 729 961 827 praelectionibus
994 731 1081 804 meis
1111 729 1321 802 academicis
1353 731 1619 804 commendatus
1639 723 1676 804 sl

298 846 509 942 praeparatis
525 849 733 918 anatomicis
746 847 984 940 confirmatus)
999 845 1213 918 sectionibus
1225 846 1354 916 nostris
1366 845 1575 918 cadaverum
1590 846 1673 942 gelu

295 971 509 1042 coactorum,
530 963 714 1057 praecipue
731 987 814 1036 vero
833 963 889 1046 iis.
917 985 1007 1058 quae
1026 961 1154 1058 pelvim
1172 963 1210 1034 iu
1228 971 1446 1056 segmentum
1464 961 1619 1034 anticum
1637 971 1675 1034 et

296 1075 466 1168 posticum
485 1077 660 1154 scindunt.
677 1077 885 1150 illustretur.

342 1189 380 1258 lu
391 1191 567 1263 nonnullis
580 1193 792 1265 sectionibus
801 1193 1006 1265 transversis
1014 1191 1166 1264 laminae
1179 1191 1471 1268 libroeallulusae.
1488 1191 1671 1262 utiamina

293 1301 417 1374 laciem
436 1316 615 1377 externum
644 1329 691 1376 ιιι.
713 1306 878 1378 levatoris
903 1307 962 1378 ani
980 1308 1182 1388 investiens.
1200 1307 1352 1378 luminae
1366 1307 1494 1378 lusciue
1510 1315 1672 1378 rectore-

291 1417 406 1490 sicalis
431 1430 466 1490 et
490 1422 631 1516 capsula
659 1431 830 1516 prostatae
849 1421 971 1517 ipsius,
992 1431 1133 1518 propter
1149 1433 1280 1494 aretam
1299 1422 1450 1520 partium
1468 1419 1668 1515 congelata·

290 1553 367 1604 rum
385 1537 699 1631 contignationem,
720 1560 829 1630 paene
849 1537 1050 1632 perspicuae
1067 1547 1160 1624 sunt,
1182 1537 1218 1608 in
1237 1535 1315 1608 aliis
1332 1547 1449 1608 autern
1469 1535 1670 1610 distinctius

287 1649 482 1742 apartibus
499 1654 634 1737 vicinis,
657 1675 743 1747 quas
760 1651 955 1740 includunt,
974 1652 1150 1746 sejunctae
1167 1661 1482 1746 repraesentantur.

337 1765 488 1874 lduspuli
505 1777 602 1838 extre
622 1769 782 1862 intraque
800 1765 928 1862 pelvim
947 1767 1119 1862 dispositi,
1140 1767 1260 1837 itidem
1279 1777 1319 1838 ut
1340 1764 1493 1836 musculi
1507 1765 1591 1838 colli
1608 1777 1663 1836 at·

123 1897 134 1922 ·
288 1903 357 1974 que
376 1885 648 1966 extremitatum,
668 1885 802 1978 saginis
820 1883 972 1978 propriis
995 1883 1120 1954 inclusi
1150 1893 1245 1961 sunt.
1270 1904 1360 1978 quae
1385 1882 1423 1952 in
1448 1879 1662 1952 sectionibus

286 1999 491 2068 transversis
516 2021 695 2069 saccorum
721 1999 795 2068 sive
822 1987 989 2070 cell'srum
1015 1999 1121 2092 septis
1147 1999 1279 2069 librosis
1307 1997 1470 2092 (quorum
1488 1995 1661 2068 nonnulla

290 2111 460 2205 usquead
478 2136 517 2182 os
533 2113 784 2208 extenduntur)
792 2123 1054 2206 segregatarum
1072 2123 1247 2207 aspectum
1266 2110 1532 2192 inhonestates
1543 2111 1664 2206 itaque

287 2227 458 2296 sectiones
475 2225 538 2298 bec
557 2228 748 2299 directione
767 2226 888 2298 ductas
913 2227 956 2297 ad
975 2226 1283 2298 demonstrandum
1300 2227 1406 2298 situm
1436 2236 1472 2298 et
1502 2238 1665 2298 mutuum

287 2361 415 2410 nexum
434 2341 671 2414 musculorum
690 2343 946 2436 incolarumque
965 2365 1045 2416 eum
1062 2343 1155 2413 rasis
1172 2354 1207 2413 et
1224 2343 1357 2413 muncia
1374 2341 1512 2412 uerreis
1527 2343 1668 2435 aptissi-

286 2477 361 2525 mus
378 2477 465 2528 esse.
504 2457 623 2540 Quum
647 2479 730 2528 vero
756 2456 968 2527 sectionibus
987 2479 1050 2551 per
1068 2479 1215 2552 corpora
1233 2457 1415 2551 congelata
1434 2455 1560 2542 ductis,
1591 2477 1669 2526 om·

287 2589 350 2640 nes
367 2577 480 2664 portes
494 2571 636 2643 innexu
651 2573 781 2642 intacto
795 2581 1089 2666 representatur.
1105 2575 1210 2643 etium
1225 2573 1453 2668 perscrutatio
1472 2571 1667 2665 etdescrip·

290 2685 340 2755 tio
359 2696 475 2757 nostra
495 2687 680 2758 fasciarum
699 2709 739 2757 ac
757 2686 993 2758 musculorum
1012 2712 1033 2758 a
1051 2699 1219 2758 consueto
1251 2687 1449 2758 anatomioo
1468 2695 1665 2780 perseruta-

287 2800 394 2870 tionis
411 2800 514 2872 modo
534 2803 569 2872 in
588 2825 630 2873 eo
648 2801 831 2894 discrepat.
852 2801 945 2897 quod
964 2813 1176 2897 conpuncta
1196 2803 1397 2874 insertionis
1414 2800 1570 2895 cujusvis
1586 2809 1664 2871 teu·

288 2913 380 2986 dinis
396 2915 452 2986 vel
471 2917 627 2988 fasciculi
656 2915 875 2996 muscularis,
893 2916 952 2988 sed
970 2919 1087 3012 potius
1105 2917 1390 3013 conjunctionem
1417 2916 1663 3010 diversamque
1703 2930 1708 2940 ·

287 3027 549 3124 dispositionem
585 3043 619 3103 ct
651 3033 875 3104 insertionem
898 3053 1078 3103 saccorum
1109 3035 1183 3104 sive
1207 3033 1416 3128 vaginarum
1438 3031 1660 3110 librosarum.

285 3145 410 3242 quibus
430 3147 577 3221 musculi
595 3148 720 3221 inclusi
739 3157 833 3229 sunt,
849 3157 930 3218 ante
946 3147 1067 3220 oculos
1085 3149 1259 3242 ponimus.
