3736 6008
756 503 1000 574 ...pp-

242 803 369 875 laterior
394 823 483 894 sopra
508 806 662 878 introitum
687 825 831 876 venarum
856 804 1004 876 renalium
1030 811 1061 872 ct
1083 824 1119 872 av.
1149 801 1245 874 Acria
1269 801 1467 874 aldomioatis
1483 807 1566 893 iuxta

240 919 354 988 dictum
372 923 517 990 corticum
534 930 701 1012 percoctae.

288 1139 328 1212 Ut
344 1141 591 1230 contemplatione
613 1141 707 1210 iconis
724 1150 844 1212 nostrae
862 1141 1085 1230 dispositionem
1097 1140 1303 1229 complicatam
1317 1139 1495 1212 laminarum
1513 1165 1563 1232 pc·

236 1258 365 1324 ritonaci
381 1258 463 1328 claro
488 1259 703 1346 concipiamus,
730 1258 961 1326 reminiscamur
979 1263 1093 1346 oporiet
1117 1257 1279 1326 sectionem
1297 1257 1335 1324 ita
1350 1256 1467 1326 ductam
1484 1276 1564 1342 esse,

128 1455 131 1471 .
237 1381 272 1440 ut
287 1392 390 1440 omncs
410 1381 508 1461 partos
525 1374 554 1442 in
573 1374 628 1442 iac
645 1374 769 1464 regione
787 1373 954 1443 abdominis
971 1372 1104 1442 inclusae
1121 1372 1173 1439 tali
1190 1373 1305 1442 rationo
1327 1391 1411 1440 serra
1430 1373 1566 1440 dimidia·

237 1496 355 1555 rentur:
378 1489 410 1574 l)
432 1485 575 1557 Intestina
594 1490 624 1556 in
642 1489 707 1556 ioco
726 1489 884 1556 transitus:
904 1507 1011 1575 nempe
1027 1489 1084 1556 ooli
1104 1488 1268 1556 transversi
1296 1485 1341 1579 (lc.
1362 1483 1413 1578 lc.)
1432 1487 1463 1552 iu
1480 1487 1567 1554 colon

238 1602 402 1671 ascendens
420 1611 450 1670 et
467 1603 648 1672 descendens
665 1613 695 1672 et
713 1603 839 1673 duodoni
857 1603 887 1670 in
901 1603 1036 1690 jeiuonm
1056 1605 1164 1695 (mm.)
1185 1599 1220 1692 9)
1238 1601 1421 1671 ventriculus
1438 1600 1478 1691 (s.
1496 1600 1563 1692 9.),

238 1735 331 1804 prope
358 1727 548 1786 curvaturam
578 1722 733 1806 majorem,
775 1717 810 1809 3)
842 1715 955 1786 Carum
984 1719 1094 1785 omenti
1124 1717 1246 1806 majoris
1272 1717 1347 1788 iuter
1376 1723 1566 1786 curvaturam

238 1851 379 1922 magnam
419 1841 448 1900 et
486 1833 570 1900 colon
609 1843 813 1902 transversum
848 1831 882 1902 t.
913 1829 964 1922 (ao
989 1833 1044 1900 sub
1070 1833 1183 1920 pariete
1220 1833 1384 1920 posteriorc
1409 1830 1566 1903 ventriculi

238 1943 273 2014 la.
293 1945 348 2034 d.)
369 1948 445 2015 inira
462 1946 560 2016 locum
578 1947 853 2015 communicationis
873 1967 941 2016 cum
956 1947 1170 2032 bursaomenti
1185 1946 1322 2014 minoris.
1338 1945 1375 2032 d)
1391 1943 1566 2014 Mesocolon

240 2069 443 2130 transvorsum
461 2064 656 2150 deniquepor
674 2064 769 2150 ipsum
795 2061 858 2131 iero
884 2063 1051 2132 discessum
1065 2063 1219 2151 utriusque
1238 2062 1366 2128 laminae
1386 2062 1565 2148 (superioris

237 2188 269 2244 et
285 2175 462 2268 interioris).
484 2175 587 2264 loque
603 2179 633 2246 io
647 2178 801 2263 superiore
814 2189 968 2268 segmento
983 2180 1138 2254 sectionis,
1154 2178 1233 2266 quod
1247 2179 1332 2247 icone
1344 2185 1446 2244 nostra
1458 2177 1563 2246 adum·

236 2291 354 2358 boatum
368 2300 426 2375 cst,
442 2292 557 2360 relictae
570 2301 703 2360 manent:
721 2311 827 2382 magna
843 2314 911 2381 pars
925 2295 1053 2363 laminae
1065 2295 1229 2382 superioris
1244 2292 1385 2360 mesocoli
1401 2291 1565 2360 transversi

237 2427 306 2474 cum
331 2407 445 2493 pariete
473 2409 637 2493 posteriorc
662 2407 772 2473 omenti
790 2408 912 2492 majoris
933 2411 977 2492 (in
994 2406 1045 2502 lc.)
1073 2407 1231 2492 conflatae,
1258 2408 1387 2475 marinna
1410 2425 1480 2494 pars
1497 2407 1562 2474 cavi

236 2522 346 2590 omenti
362 2521 484 2608 majoris
504 2522 583 2611 (post
599 2521 795 2590 ventriculum
814 2523 885 2608 sita)
905 2534 933 2590 et
950 2525 1074 2592 minima
1093 2526 1276 2592 solummodo
1295 2525 1423 2592 laminae
1441 2523 1562 2592 iuferio-

236 2637 280 2706 ris
297 2637 438 2706 mesocoli
454 2639 615 2707 transversi
632 2639 789 2726 particula,
809 2639 926 2707 initium
941 2639 1036 2728 jejuni
1054 2640 1191 2731 cingens.

282 2853 350 2925 Jam
368 2859 395 2924 si
412 2858 529 2925 demum
546 2857 674 2948 liguram
692 2859 786 2926 iconis
803 2859 1008 2946 inspicientes,
1028 2861 1187 2929 decursum
1208 2859 1367 2942 linearum,
1392 2859 1501 2947 quibus
1518 2859 1561 2928 la·

234 2973 334 3042 minae
350 2973 511 3061 peritonaei
529 2983 791 3060 repraesentantur
816 2977 984 3063 sequimur,
1004 2975 1077 3046 haec
1103 2975 1190 3044 iacilc
1207 2975 1396 3064 colligemus:
1428 2974 1443 3042 i
1474 2970 1560 3042 Peri·

234 3097 372 3156 tonaoum
390 3089 532 3175 parietalo
549 3087 651 3156 latoris
667 3090 763 3158 dextri
780 3091 812 3158 in
828 3090 970 3158 laminam
987 3099 1141 3158 externam
1159 3089 1304 3158 mesocoli
1320 3087 1414 3181 (circa
1433 3084 1507 3178 o''.)
1528 3107 1561 3155 so

235 3201 389 3272 intectam
401 3209 511 3270 etcum
523 3205 637 3289 pariete
650 3205 800 3272 anteriore
812 3206 921 3272 omenti
937 3207 1037 3294 magni
1052 3201 1155 3295 (litera
1172 3224 1230 3272 non
1244 3202 1405 3294 designati)
1422 3203 1452 3270 in
1469 3221 1560 3270 unum

234 3315 400 3386 munuera:
420 3316 496 3402 qnod
514 3326 630 3388 mutuas
648 3319 843 3389 adhaesiones
860 3321 971 3386 omenti
984 3337 1052 3388 com
1066 3320 1236 3406 peritonaeo
1249 3328 1279 3386 et
1293 3317 1441 3386 mesomio
1454 3337 1558 3386 ascen·

226 3431 323 3500 doato
354 3426 445 3517 (quac
474 3431 569 3499 tribus
606 3433 692 3500 lineis
723 3433 998 3526 repraesentantur)
1032 3435 1192 3522 significat.
1227 3434 1263 3504 9.
1293 3431 1389 3502 Unam
1419 3433 1559 3502 laminam

236 3545 480 3634 (superficialem)
515 3548 638 3633 parietis
668 3547 827 3616 anterioris
856 3549 966 3618 omenti
996 3549 1115 3636 (duplici
1144 3550 1223 3618 linea
1252 3545 1451 3640 designatam)
1475 3547 1558 3636 juata

233 3660 371 3748 pplornm
401 3661 508 3747 plicam
538 3661 667 3730 formare
690 3669 720 3728 et
735 3681 825 3750 supra
848 3663 957 3732 tactem
986 3683 1146 3734 convexam
1175 3664 1322 3736 stomachi
1350 3664 1556 3734 sinistrorsnm

231 3797 327 3866 usque
347 3777 383 3846 ad
404 3778 526 3844 tondum
545 3779 638 3866 ipsius
659 3779 787 3862 ostendi,
809 3778 908 3866 ibique
929 3780 1037 3846 iterum
1056 3780 1237 3868 implicatam
1257 3777 1351 3869 (eirca
1368 3775 1420 3868 p.)
1440 3778 1468 3847 io
1486 3797 1554 3866 por·

230 3894 341 3962 tionem
355 3893 595 3981 gastrolienalem
609 3893 736 3978 omenti,
755 3894 876 3979 quaein
891 3869 1075 3961 involucrum
1092 3913 1228 3962 serosom
1240 3893 1326 3960 lionis
1347 3890 1411 3983 (o.)
1435 3885 1552 3982 (omen-

229 4016 260 4076 to
294 4008 416 4090 accretil
458 4009 657 4090 continuator,
695 4008 835 4076 transire.
861 4004 1025 4095 Utramque
1047 4008 1154 4095 plicam
1176 4007 1304 4076 taurinae
1328 4005 1450 4094 parietis
1468 4015 1554 4076 anto·

230 4123 320 4191 riorio
332 4124 441 4190 omenti
455 4122 576 4208 majoris
590 4121 745 4189 insertioni
756 4120 852 4208 ipsius
866 4121 896 4188 in
909 4131 1097 4190 curvaturam
1115 4122 1259 4209 majorem
1276 4120 1431 4189 ventriculi
1447 4115 1551 4210 (prope

228 4237 364 4328 priorum
383 4237 564 4329 otiandum)
591 4237 783 4322 respondero.
813 4238 848 4308 3.
872 4235 1009 4306 Alteram
1035 4236 1175 4304 laminam
1202 4235 1403 4326 (interiorem)
1429 4236 1551 4322 parietis

228 4352 387 4424 anterioris
412 4352 522 4420 omenti
541 4361 635 4420 strato
652 4352 747 4438 adipis
766 4347 824 4442 (s.)
844 4373 860 4420 a
879 4353 975 4441 prima
988 4354 1165 4442 sejunctam,
1187 4352 1292 4422 taciem
1310 4358 1459 4439 posteram
1477 4369 1547 4420 vcn-

226 4470 327 4540 tricoln
345 4468 484 4536 investire
502 4477 530 4534 ot
548 4469 576 4534 in
595 4468 740 4554 laminam¹
753 4470 933 4538 anteriorem
952 4469 1075 4556 parietis
1100 4467 1273 4555 posterioris
1290 4450 1402 4534 omenti
1425 4465 1548 4552 majoris

228 4583 276 4671 (d.
297 4579 349 4672 d.)
369 4579 434 4673 (qni
451 4583 579 4650 laminae
595 4584 743 4670 superiori
761 4584 903 4654 mesocoli
918 4585 1082 4654 transversi
1100 4592 1238 4652 accretas
1256 4603 1346 4654 unam
1362 4582 1546 4670 eandemque

225 4699 431 4770 membranam
442 4695 623 4786 constituit),
639 4697 729 4768 otiam
743 4699 773 4767 in
787 4699 901 4768 dnobus
915 4701 1041 4788 punctis,
1055 4699 1137 4784 juata
1151 4699 1284 4785 pplornm
1297 4708 1327 4768 ct
1338 4697 1460 4766 tondum
1473 4715 1544 4766 von·

225 4813 337 4896 tricoli,
360 4816 461 4902 (propo
476 4813 503 4903 s.
519 4815 567 4900 p.)
586 4811 725 4880 inflexam
738 4833 806 4885 esse
823 4813 914 4905 (iuter
928 4813 960 4882 lv.
977 4809 1043 4903 la).
1063 4811 1099 4880 4.
1119 4811 1205 4882 Hanc
1219 4813 1405 4883 inflexionem
1423 4812 1544 4900 parietis

225 4930 383 4998 anterioris
408 4931 518 4998 omenti
544 4929 664 5016 majoris
687 4931 715 4996 in
738 4931 882 5016 parietem
908 4929 1116 5016 posteriorem,
1144 4929 1323 4998 solidissime
1348 4949 1416 4996 oum
1434 4925 1545 4994 lanvino

223 5045 377 5133 superiore
398 5045 537 5112 mesocoli
558 5046 721 5114 transversi
738 5043 898 5114 conflatum
924 5063 1015 5115 uuum
1043 5063 1147 5110 cavom
1173 5044 1334 5131 peculiare,
1354 5042 1429 5130 quod
1447 5039 1542 5108 tribus

224 5161 311 5230 lineis
324 5161 508 5251 designatum
521 5169 571 5230 cst
581 5155 630 5251 (ln.
647 5157 679 5228 lt.
694 5157 745 5251 iv.)
764 5161 818 5248 (ita
832 5161 941 5232 dictum
956 5177 1059 5226 cavum
1072 5160 1182 5226 omenti
1196 5159 1329 5246 majoris)
1346 5158 1539 5224 constituere.

226 5259 261 5348 δ’.
282 5275 436 5346 Laminam
455 5275 625 5349 interiorem
640 5275 784 5348 monocoli
799 5275 974 5360 transversi,
999 5275 1052 5360 (m.
1070 5293 1112 5342 m⁴
1129 5271 1189 5364 m.)
1209 5274 1238 5342 io
1252 5272 1365 5342 duobos
1382 5271 1454 5343 iocis
1471 5291 1539 5360 per·
