3666 6002
361 765 450 834 uteri
476 763 701 836 directionem
727 769 902 832 arcuatam
929 757 1070 838 babere,
1097 759 1313 830 concavitate
1337 767 1527 830 retrorsum
1546 759 1679 852 (versus
1696 783 1730 830 os

361 884 513 966 sacrum)
547 887 720 974 spectante
756 875 853 964 (Tab.
879 876 941 954 2).
970 874 1029 969 fig.
1054 875 1184 946 {linter
1205 895 1240 968 g.
1261 873 1296 944 b.
1321 873 1405 944 Tab.
1426 876 1502 962 st),
1531 873 1565 963 b)
1586 875 1730 946 canalem

362 993 513 1066 cervicis
533 995 568 1066 in
586 993 677 1072 loco,
697 991 758 1062 ubi
778 992 812 1062 in
829 1013 972 1062 caveam
989 991 1142 1085 corporis
1159 994 1247 1062 utari
1274 991 1405 1068 transit,
1434 988 1657 1060 dlrectionem
1681 1014 1728 1058 ar·

363 1119 501 1182 cuatam
518 1111 604 1204 (iere
622 1107 853 1201 angulosum),
874 1107 1088 1177 concavitate
1102 1114 1297 1178 arboreum
1314 1109 1446 1192 (versus
1459 1129 1497 1174 os
1513 1104 1626 1197 pubis)
1642 1128 1727 1198 spec·

363 1234 470 1306 tante,
489 1225 604 1318 aequi:
624 1243 763 1293 caream
780 1231 895 1292 autem
911 1221 1065 1292 matricis
1082 1220 1193 1315 ipsam
1209 1223 1404 1315 inutraque
1422 1243 1504 1290 casu
1523 1219 1650 1290 lineam
1664 1244 1729 1288 rac·

364 1353 446 1420 tem,
467 1337 623 1410 uonnibil
642 1336 830 1408 flexuosam
848 1345 1105 1430 repraesentare
1124 1335 1223 1430 (Tab.
1243 1340 1302 1422 22,
1324 1339 1384 1420 23,
1406 1335 1467 1429 lig.
1491 1336 1544 1432 2).

411 1455 444 1550 c)
465 1453 626 1524 Canalem
643 1451 787 1522 cervicis
804 1453 894 1521 uteri
913 1451 1013 1522 simul
1040 1474 1118 1523 cum
1148 1475 1255 1522 cavea
1284 1453 1438 1545 corporis
1464 1461 1499 1522 et
1523 1449 1624 1522 fundi
1648 1453 1729 1522 uteri

362 1593 467 1640 unam
485 1567 698 1662 eandemque
716 1567 942 1638 directionem
958 1575 1150 1648 arcuatam,
1165 1567 1379 1638 concavitate
1398 1576 1595 1640 antrorsum
1612 1565 1668 1661 (ad
1699 1589 1732 1635 os

368 1684 467 1778 pubis
485 1687 823 1778 versusspectantel,
844 1705 982 1754 serrare
1002 1682 1102 1776 (Tab.
1122 1684 1183 1764 21,
1205 1681 1264 1775 fig.
1284 1681 1336 1774 2).

410 1799 446 1892 d)
470 1798 632 1869 Canalem
650 1796 798 1892 denique
817 1797 972 1892 corporis
990 1797 1079 1868 uteri
1098 1821 1203 1890 prope
1222 1797 1365 1867 fiendum
1391 1797 1481 1868 uteri
1514 1795 1732 1866 directionem

365 1923 540 1984 arcuatam
563 1913 675 2008 sequi,
701 1915 914 1984 concavitate
932 1923 1126 1986 antrorsum
1142 1922 1317 2006 spectante
1337 1911 1439 2003 (Tab.
1459 1913 1603 2006 stafig,
1626 1913 1673 2006 l).

409 2029 445 2114 6)
463 2029 642 2110 Diversum
659 2028 746 2098 banc
768 2051 893 2098 caveae
910 2029 1061 2099 matricis
1078 2027 1302 2097 directionem
1319 2027 1354 2096 in
1372 2035 1470 2098 utero
1489 2029 1640 2120 perlecta
1656 2049 1730 2096 sano

363 2153 398 2214 et
415 2145 598 2216 tenerrima
614 2154 724 2214 aetate
740 2143 831 2214 vitae
849 2142 948 2228 (Tala.
966 2144 1027 2226 st,
1049 2141 1109 2236 fig.
1142 2141 1173 2234 l)
1194 2164 1387 2222 occurrere,
1418 2164 1459 2210 ac
1490 2143 1606 2236 potius
1623 2167 1642 2212 a
1659 2164 1730 2210 cau·

361 2262 408 2330 sia
425 2259 675 2339 accidentibus,
692 2271 764 2329 uta
784 2259 959 2354 pressione
977 2258 1228 2336 intestinorum,
1255 2255 1428 2327 vacuitate
1461 2257 1595 2328 vesicae
1623 2257 1731 2328 urina·

362 2377 447 2456 rine,
469 2378 734 2466 nturgescentia
751 2372 848 2444 sundi
868 2383 943 2466 post
961 2382 1096 2467 partum
1114 2382 1197 2450 etc..
1216 2394 1319 2466 quam
1344 2370 1388 2442 ab
1404 2370 1610 2442 alteratione
1640 2393 1729 2466 orga-

362 2491 439 2558 nica
457 2499 570 2560 textus
589 2487 676 2558 uteri
695 2487 898 2580 dependere.

410 2608 444 2688 t)
467 2601 612 2671 Labium
628 2604 781 2672 anterius
795 2602 923 2672 orilicii
939 2605 1042 2680 uteri,
1061 2604 1196 2674 etiamsi
1209 2603 1323 2672 minus
1336 2601 1491 2696 longum,
1509 2625 1614 2697 quam
1628 2613 1728 2698 postc-

363 2719 447 2788 rius.
465 2691 575 2808 madia
594 2717 628 2785 in
647 2739 786 2786 caveam
804 2719 950 2809 vaginae
969 2721 1161 2810 prominere
1179 2728 1214 2788 et
1242 2717 1380 2810 longius
1410 2741 1512 2812 quarn
1541 2741 1664 2790 revera
1685 2729 1729 2788 est

363 2855 542 2924 appareres
563 2833 653 2924 quod
673 2855 777 2924 prona
794 2832 1016 2904 inclinatione
1030 2837 1118 2904 uteri
1136 2845 1170 2906 et
1187 2834 1325 2928 obliqua
1343 2834 1486 2904 fornicis
1499 2835 1647 2926 vaginae
1664 2842 1727 2920 (cu-

358 2947 415 3040 jus
433 2949 544 3040 paries
562 2949 731 3041 posterior
748 2951 920 3020 anteriore
935 2951 1071 3044 longior
1085 2959 1164 3038 est),
1182 2952 1217 3020 in
1233 2952 1424 3043 portionem
1439 2949 1634 3044 vaginalam
1648 2947 1728 3019 uteri

363 3061 549 3132 insertione
569 3061 737 3156 explicari
757 3073 879 3158 potest.
905 3065 1016 3152 (Conf.
1040 3065 1126 3135 Tab.
1144 3068 1206 3142 2).
1229 3067 1291 3158 fig.
1311 3065 1347 3135 3.
1365 3063 1453 3135 Tab.
1472 3068 1532 3147 22,
1552 3067 1616 3156 lig.
1638 3068 1685 3152 l).
1812 3085 1813 3093 ¹

410 3176 448 3270 8)
469 3177 596 3250 Plicam
613 3180 803 3273 peritonaei
821 3181 1087 3250 rectouterinam
1102 3178 1237 3272 (center
1250 3202 1366 3250 omnes
1384 3179 1513 3275 icones)
1534 3179 1727 3274 plerumque

362 3317 431 3362 non
449 3294 551 3364 altius
569 3318 671 3389 quam
691 3296 815 3388 plicam
834 3297 1123 3367 vesicouterinem
1140 3298 1240 3367 sitam
1257 3319 1346 3380 esse,
1366 3294 1459 3390 quod
1489 3295 1648 3366 nonnulli
1667 3297 1727 3384 llo-

361 3407 438 3482 bert
454 3408 597 3503 aliique)
612 3411 834 3490 contendunt,
858 3411 923 3502 (b),
941 3411 1000 3482 sed
1020 3411 1233 3482 solummodo
1250 3412 1376 3482 fornici
1393 3411 1538 3504 vaginae
1558 3410 1612 3502 (x)
1627 3408 1726 3480 multo

362 3527 516 3614 propius.
539 3521 637 3615 (lab.
653 3529 713 3605 21,
734 3526 791 3620 lig.
814 3528 850 3597 3.
873 3527 957 3597 tab.
978 3530 1038 3612 22,
1060 3526 1121 3620 fig.
1145 3529 1193 3620 l).

410 3637 587 3709 Sectioues
602 3638 713 3733 pelvis
731 3642 767 3712 iu
785 3641 1009 3712 cadaveribus
1027 3640 1217 3734 congelatis
1235 3641 1371 3732 obliquo
1400 3642 1581 3710 directione
1613 3639 1724 3709 ductae
1806 3677 1807 3703 r

364 3754 544 3845 praecipue
562 3753 602 3824 ad
620 3756 803 3826 eruendam
817 3755 1156 3850 perlustrandamqua
1183 3757 1421 3848 gravissimam
1445 3758 1618 3826 vincturae
1646 3766 1724 3824 urte-
1805 3779 1806 3805 t

362 3871 487 3936 n‘ornna
500 3869 674 3940 iliocornm
689 3875 924 3962 operationem,
946 3882 981 3942 et
998 3870 1042 3941 ad
1058 3871 1196 3963 regulas
1212 3881 1335 3948 certas.
1356 3869 1528 3965 quomodo
1543 3870 1723 3960 euinugus

362 4003 464 4072 agere
482 3981 618 4066 debeat,
637 3985 832 4056 statuendas
850 3985 1126 4056 accommodatae
1147 3996 1238 4056 sunt.

410 4095 523 4180 Quum
541 4099 665 4170 vulnus
683 4098 725 4168 ad
742 4099 980 4170 denudandam
997 4103 1159 4169 arteriam
1177 4100 1312 4170 iliacam
1331 4103 1365 4170 iu
1380 4101 1579 4195 operatione
1599 4098 1722 4168 vinctu·

363 4233 419 4280 rae
439 4211 638 4310 plerumque
656 4239 724 4286 non
746 4216 895 4308 perfecte
913 4240 928 4284 e
946 4217 1078 4306 rapiare
1096 4217 1242 4285 arteriae
1260 4215 1366 4310 ipsius
1386 4217 1508 4308 parieti
1538 4211 1722 4286 abdominis

364 4323 549 4418 indigetur.
570 4336 739 4400 sectiones
755 4329 912 4424 obliquas·
931 4330 1039 4421 pelvis
1060 4333 1104 4399 ita
1124 4330 1222 4408 drrxi,
1242 4341 1280 4400 ut
1297 4330 1400 4401 modo
1417 4334 1489 4401 loco
1507 4345 1536 4400 et
1555 4322 1724 4400 directioni

362 4441 516 4524 uolneris,
536 4442 644 4538 (quod
659 4449 858 4539 plerumque
875 4445 1054 4538 obliquum
1080 4467 1151 4516 esse
1180 4449 1352 4537 novimus)
1383 4449 1525 4539 perlecta
1553 4439 1723 4536 responde·

362 4567 447 4636 rent,
465 4555 566 4625 modo
585 4559 630 4627 ita
651 4570 689 4628 ut
707 4558 829 4652 plagae
847 4557 927 4628 huic
952 4558 1053 4650 plana
1083 4557 1270 4652 parallelae
1299 4571 1410 4650 partes
1439 4561 1562 4632 molles
1593 4569 1627 4629 et
1652 4573 1720 4626 ossa

363 4670 575 4740 exactissime
589 4696 604 4740 e
618 4677 761 4763 cepione,
770 4677 831 4744 ubi
841 4675 1009 4743 vinculum
1023 4689 1139 4742 trunco
1157 4677 1312 4744 ortert'oli
1323 4677 1488 4767 injicitur,
1496 4677 1717 4770 persecarent.

413 4782 456 4852 Ut
471 4785 637 4876 imprimis
653 4787 737 4858 ordo
755 4799 790 4858 ct
806 4791 891 4860 situs
911 4790 1059 4880 partium
1073 4789 1108 4858 in
1125 4787 1333 4860 sectionibus
1351 4788 1501 4884 obliquis
1517 4790 1604 4862 bene
1630 4789 1720 4858 intel-

363 4895 502 4988 ligatur,
523 4899 638 4970 icones
655 4925 788 4996 semper
804 4914 997 4974 transversa
1016 4901 1205 4972 directione
1223 4913 1302 4972 ante
1318 4904 1437 4975 oculos
1450 4909 1578 5000 positas
1595 4903 1718 4997 conspi-

363 5010 493 5081 ciamus
510 5035 646 5086 necesse
663 5028 726 5096 est:
746 5018 846 5090 aliter
863 5029 976 5113 partes
995 5017 1106 5088 lincea
1123 5017 1303 5090 medianae
1321 5023 1476 5114 corporis
1503 5023 1614 5116 magis
1642 5019 1720 5092 rici·

363 5147 428 5196 uae
445 5127 718 5222 utinirapositae
735 5132 959 5226 apparebunt.
988 5133 1056 5204 Ex.
1074 5155 1128 5225 gr.
1149 5133 1186 5204 in
1202 5134 1355 5208 sectione
1376 5133 1517 5231 obliqua
1549 5137 1656 5232 pelvis
1682 5129 1719 5202 ad

364 5240 558 5312 cincturam
588 5247 734 5318 arteriae
766 5245 889 5326 iliacae
918 5257 1080 5318 externae
1114 5247 1384 5344 perlustrandum
1416 5251 1584 5324 destinata
1619 5247 1715 5346 (conl.
