3704 6008
861 491 1104 560 ..ι-

294 771 452 850 unquam
464 755 651 848 contigerit
666 753 1037 849 laminasporitouaei
1070 753 1208 849 quibus
1214 752 1330 847 parias
1345 752 1517 864 posterior
1539 752 1671 823 omenti

295 870 516 964 gainacolici
533 871 716 952 formatur
749 891 768 938 a
800 870 930 954 lamina
952 871 1129 986 superiore
1152 869 1332 940 mesoeoli
1337 870 1524 940 transversi
1542 879 1674 938 anato-

262 995 271 1008 '
295 985 385 1056 mica
403 984 609 1056 dissectione
624 985 680 1056 vel
698 985 787 1054 aeris
802 985 921 1055 inllatu
936 1007 1106 1078 separare,
1126 995 1280 1058 attamen
1298 1004 1378 1055 eum
1392 983 1571 1078 dispositio
1586 983 1673 1054 baec

295 1097 506 1172 laminarum
535 1108 626 1168 statu
652 1121 860 1192 organorum
876 1100 911 1169 in
924 1101 1019 1170 foetu
1044 1108 1079 1169 et
1095 1101 1272 1170 anatomia
1290 1099 1471 1170 brutorum
1490 1097 1670 1191 probetur

296 1221 448 1284 vaterem
466 1211 877 1306 opinionem'delabriua
896 1215 1028 1283 umenti
1047 1213 1202 1306 majoris,
1232 1235 1323 1308 quae
1344 1237 1364 1283 a
1382 1213 1512 1283 Gelono
1529 1215 1669 1294 mansit.

297 1326 435 1397 veritati
452 1327 509 1396 rel
523 1326 840 1397 saltemdoctrinac
858 1330 1075 1399 anatomicae
1092 1328 1283 1399 hodiernae
1307 1351 1378 1399 nou
1392 1338 1468 1398 tam
1487 1339 1673 1400 consenta-

297 1463 399 1514 neam
416 1464 489 1513 csse
505 1452 602 1536 puto.

306 1720 310 1739 Ι
344 1643 382 1716 si
411 1643 518 1736 igitar
547 1655 725 1718 omentum
753 1646 863 1738 majus
893 1646 931 1718 in
949 1669 989 1718 ea
1006 1647 1150 1740 regione
1168 1647 1381 1732 abdominis.
1416 1646 1478 1725 ubi
1496 1647 1671 1728 meaucolo

297 1767 493 1832 transverso
513 1761 698 1841 accumbit,
719 1770 912 1834 transverse
930 1773 1124 1856 parsectum
1139 1777 1203 1843 est
1224 1773 1372 1857 utraque
1389 1761 1477 1835 baec
1494 1762 1675 1856 appendix

296 1874 490 1967 peritonaei
520 1878 610 1946 sicut
626 1901 686 1947 sex
704 1874 842 1946 laminis
860 1878 984 1947 setosis
1002 1879 1193 1970 composita
1214 1883 1375 1972 (quarum
1397 1878 1484 1953 duae
1502 1879 1671 1974 parietem

299 1989 509 2059 anteriorem
527 1992 671 2071 omenti.
703 1961 831 2061 alterae
862 2003 1012 2086 quatuor
1041 1993 1209 2086 parietem
1227 1993 1469 2085 posteriorem,
1502 1993 1585 2064 huic
1615 1991 1673 2062 ad·

300 2126 427 2176 nexam
446 2103 611 2178 laminam
627 2106 841 2202 superiorem
859 2107 1025 2180 mesoeoli
1044 2109 1229 2178 transversi
1247 2117 1283 2178 et
1299 2106 1503 2179 laminam'
1493 2111 1603 2202 ipsius
1622 2108 1676 2178 in·

301 2218 462 2318 seriorem
494 2221 722 2310 constituunt)
759 2223 798 2295 iu
831 2223 973 2313 picturis
1009 2221 1199 2296 linearibus
1228 2231 1672 2318 repraesenteturoportet.

301 2330 417 2438 Quum
444 2343 558 2424 tamen
585 2335 736 2408 laminae
762 2331 903 2429 parietis
926 2338 1110 2409 anterioris
1134 2338 1264 2438 omepti
1285 2336 1387 2431 plane
1405 2339 1590 2430 contiguae
1607 2338 1678 2408 sint

302 2458 337 2541 et
366 2459 540 2542 praeterea
566 2459 713 2545 utraque
739 2451 868 2523 lamina
894 2452 1035 2546 parietis
1054 2451 1254 2546 posterioris
1272 2453 1309 2523 iu
1326 2475 1432 2524 uuam
1450 2476 1529 2524 cum
1546 2451 1678 2526 lamina

304 2562 481 2661 superiore
497 2565 664 2639 mesoeoli
683 2567 870 2637 transversi
887 2577 1049 2636 contexta
1069 2568 1127 2649 sit,
1146 2568 1299 2662 parietes
1311 2567 1459 2662 denique
1490 2569 1556 2662 ipsi
1574 2567 1678 2663 hujus

305 2663 505 2770 appendicis
540 2703 609 2750 nou
644 2703 723 2752 raro
758 2681 847 2752 alter
879 2683 979 2752 alteri
1015 2683 1249 2770 adhaereant,
1289 2685 1325 2754 in
1356 2683 1515 2756 iconibus
1551 2685 1679 2755 nostris

306 2793 432 2866 exinde
466 2817 538 2867 nou,
567 2805 699 2890 septem
715 2795 771 2867 vel
798 2805 877 2866 octo
899 2797 1012 2866 lineae
1038 2803 1113 2885 (sex
1130 2796 1273 2868 laminas
1289 2798 1484 2892 exprimere
1502 2797 1677 2886 debentes)

309 2908 369 2996 scd
384 2907 590 3016 plerumque
621 2910 777 3006 quinque
807 2911 1024 2985 solummodo
1051 2921 1229 2986 omentum
1255 2912 1322 2984 hoc
1340 2914 1458 3008 stipsi
1477 2914 1682 3009 contignum

308 3024 509 3098 mesoeolou
526 3026 741 3120 exprimunt.

358 3226 510 3309 Suadeo,
538 3239 578 3299 ut
593 3227 715 3313 lector,
745 3229 788 3300 ad
811 3231 1039 3326 multiplicem
1057 3231 1147 3303 banc
1165 3233 1494 3304 flexuosissimarum
1513 3229 1684 3326 plicarum

311 3353 346 3418 et
362 3343 581 3414 lamellarum
612 3345 803 3437 peritonaei
823 3347 1085 3442 dispositionem
1103 3346 1190 3418 bene
1210 3347 1485 3442 intelligendam,
1516 3346 1684 3416 sectiones

311 3456 505 3530 abdominis
525 3467 734 3532 transversas
752 3484 830 3531 curn
845 3461 888 3532 iis
903 3463 938 3532 in
953 3451 1205 3556 longitudinem
1221 3463 1331 3533 ductis
1345 3486 1480 3555 semper
1493 3469 1681 3556 comparet.

362 3664 537 3734 Sectiones
555 3663 703 3758 deniqne
721 3674 935 3737 transversae
953 3665 1160 3748 abdominis,
1180 3664 1345 3733 laminam
1363 3663 1554 3757 peritonaei
1572 3663 1683 3758 parie-
1773 3707 1779 3722 ·

314 3777 433 3858 talem,
466 3777 523 3849 ubi
554 3777 597 3848 ad
624 3779 772 3851 laminas
794 3791 954 3851 externas
971 3775 1136 3851 mesoeoli
1159 3776 1374 3848 ascendentis
1397 3786 1432 3847 et
1449 3776 1686 3848 descendentis

315 3893 574 3964 constituendas
590 3894 796 3976 inflectitur,
829 3897 865 3965 in
896 3895 981 3964 duas
998 3891 1154 3964 lamellas
1171 3893 1285 3965 fissam
1303 3915 1393 3976 esse,
1426 3891 1517 3964 clare
1546 3894 1685 3964 demon·
1722 3916 1725 3922 ·

316 4016 438 4078 strant.
472 4009 583 4089 Certe.
618 4019 763 4083 stratum
794 4021 975 4080 externum
1005 4009 1076 4079 sive
1111 4007 1315 4079 cellulosum
1351 4009 1541 4103 peritonaei
1576 4009 1687 4078 solum

319 4123 434 4193 fissum
460 4145 546 4207 esse,
578 4125 713 4194 admitti
736 4134 886 4219 oportet:
924 4123 1149 4195 nihilominus
1180 4134 1296 4195 tamen
1322 4125 1488 4218 parietem
1514 4134 1688 4217 posterum

319 4237 388 4307 coli
405 4238 636 4322 ascendentis,
670 4239 826 4310 intestini
848 4240 942 4309 coeci
965 4248 1000 4309 et
1017 4239 1084 4309 coli
1112 4237 1350 4310 descendentis
1376 4262 1446 4310 non
1463 4259 1541 4308 raro
1559 4235 1689 4306 lamini

321 4351 445 4434 solida,
478 4355 590 4424 tenaci
608 4362 643 4424 et
659 4353 880 4448 glaberrimd‚
913 4355 984 4425 sere
1018 4355 1119 4449 plane
1142 4377 1278 4425 serosae
1296 4353 1435 4437 indolis,
1455 4353 1617 4424 vestitum
1636 4351 1690 4420 in-

323 4467 416 4551 veni,
451 4468 543 4562 quod
560 4470 763 4563 praesertim
791 4467 828 4538 in
851 4471 1050 4564 operatione
1073 4471 1131 4542 ani
1152 4467 1456 4565 praeternaturalis
1478 4465 1691 4572 instituenda

321 4582 408 4658 milri
426 4581 667 4678 gravissimum
685 4584 834 4658 videtur.

348 4855 350 4866 .
370 4789 488 4865 Status
504 4789 658 4864 diversus
674 4785 842 4858 stomacbi
859 4797 895 4856 et
910 4786 978 4856 coli
997 4787 1196 4873 transversi,
1225 4795 1328 4882 prout
1343 4786 1477 4860 scilicet
1497 4784 1627 4858 canalis
1644 4783 1696 4856 ci·-

325 4904 448 4986 borum
467 4905 616 4998 perlecta
633 4901 759 4975 viduus
774 4913 809 4973 et
824 4911 1034 4985 contractus,
1066 4911 1126 4976 aut
1143 4910 1236 4982 aire,
1272 4900 1351 4974 cibo
1368 4911 1403 4974 et
1418 4900 1525 4974 lluido
1543 4901 1694 4995 repletus

326 5028 362 5094 et
377 5029 538 5097 extensus
555 5028 620 5098 est.
651 5019 688 5090 in
711 5017 780 5091 situ
808 5017 956 5092 aliorum
985 5039 1195 5111 organorum
1218 5015 1412 5090 abdominis
1434 5015 1695 5090 determinando

329 5135 448 5230 magui
470 5135 637 5209 momenti
667 5143 730 5215 est;
761 5141 939 5228 practerea
965 5133 1053 5208 situs
1077 5131 1399 5228 ventriculi-ipsius,
1435 5139 1540 5226 prout
1566 5151 1697 5203 vacuus

194 5351 203 5367 ⁹
334 5259 397 5331 aut
411 5249 564 5347 repletus
581 5258 645 5336 cst,
664 5247 765 5326 valde
782 5250 906 5324 variat.
939 5247 1172 5334 Quamobrem
1201 5247 1370 5324 sesamo
1399 5257 1610 5325 nansvcrsas
1637 5268 1698 5340 per
