3682 6004
694 511 940 588 ..23-

122 783 322 846 ususvsrso
351 785 504 870 psrsccta
541 775 600 856 sit,
635 772 806 848 divorsa'm
823 795 912 846 ssss:
947 773 1021 844 toro
1038 772 1222 846 rutundam
1240 771 1342 868 (rao.
1362 775 1424 855 hi,
1443 771 1505 867 ss)

122 911 230 984 propa
268 889 403 984 apicem
433 899 467 960 ct
498 887 663 960 isthmum
697 887 873 971 ursthrass
897 886 1155 960 curdiiormsm
1189 889 1225 960 in
1265 887 1378 962 media
1410 901 1506 983 parts

122 1001 225 1096 (rso.
241 1005 321 1100 24)ς
340 1004 412 1075 iere
431 1001 709 1099 quadrangulam
724 1027 834 1099 propa
851 1003 965 1076 husin.

168 1117 294 1190 Plures
317 1117 600 1190 adumbrationss
626 1129 803 1214 prastsrsa
828 1127 1019 1214 prostatsm
1038 1117 1174 1190 diverso
1200 1117 1320 1199 modo,
1349 1118 1442 1212 quod
1469 1116 1505 1190 in

119 1229 269 1326 dirersis
293 1233 519 1306 lithotomias
548 1232 721 1305 methodis
738 1232 879 1313 accidit,
900 1241 1110 1308 transactam
1140 1241 1175 1304 ot
1193 1231 1317 1306 deinde
1349 1233 1385 1304 in
1403 1231 1504 1307 cndu·

118 1369 200 1418 vere
220 1349 405 1444 congelato
425 1359 593 1420 trasverse
613 1360 804 1443 persectam
820 1347 1004 1441 effingunt.
1153 1401 1157 1410 .

166 1461 223 1533 sd
244 1465 364 1534 icones
382 1461 456 1549 hes,
474 1484 564 1558 quac
583 1463 821 1558 operationem
848 1461 1070 1534 lithotomiae
1084 1461 1308 1558 perlustrant,
1334 1461 1422 1534 hene
1451 1462 1506 1533 in·

117 1575 328 1670 tolligendas
341 1577 427 1647 hauc
444 1578 629 1650 ohservare
647 1601 786 1650 neeesse
805 1589 870 1650 ests
909 1581 975 1650 pmo
993 1578 1173 1650 Sectiouss
1188 1576 1281 1648 hunc
1298 1576 1343 1648 ud
1360 1601 1502 1673 scopum

115 1713 178 1785 par
193 1691 326 1780 pelvim
340 1692 513 1764 minorem
531 1692 651 1764 ductas
683 1694 792 1786 (conl.
829 1693 916 1766 Tsh.
937 1693 1099 1788 22-27)
1119 1691 1327 1787 plerumque
1340 1692 1504 1764 directio·

116 1827 197 1876 nam
213 1829 287 1878 non
300 1806 366 1878 rits
383 1817 629 1888 transversam,
646 1808 711 1880 ssd·
724 1811 840 1904 potius
857 1807 1003 1904 ohliquo
1023 1817 1255 1896 transversum
1274 1810 1383 1905 sequi,
1404 1810 1452 1880 ita
1466 1819 1505 1880 ut

116 1923 211 1994 linea
233 1947 357 1996 sscsns
374 1949 394 1995 a
413 1927 590 2022 symphyti
610 1927 710 2022 pulsis
728 1925 832 1998 modo
850 1925 1031 2007 deorsum,
1051 1922 1155 1995 modo
1173 1921 1277 2018 paulo
1296 1945 1431 1995 sursum
1452 1924 1502 1996 di·

116 2051 216 2110 recta
233 2041 292 2118 sit,
325 2040 481 2134 quodex
501 2051 598 2136 purts
621 2065 641 2111 a
659 2039 797 2112 diverso
818 2039 930 2134 gradu
948 2037 1188 2112 inclinationis
1206 2037 1317 2133 pelvis
1335 2039 1371 2110 in
1389 2038 1504 2110 diver·

115 2157 163 2226 sis
181 2155 491 2236 cadaueribussx
506 2166 603 2248 partu
619 2180 640 2226 a
654 2153 791 2226 diverso
805 2155 888 2236 situ,
903 2153 940 2224 in
955 2178 1024 2249 quo
1043 2153 1161 2248 pelves
1178 2151 1258 2247 gelu
1276 2161 1417 2229 coccus
1434 2163 1501 2226 sta·

114 2267 242 2342 bilitas
267 2281 378 2348 erent,
407 2268 636 2364 dependebat,
668 2269 793 2376 pprtim
813 2291 896 2340 vcro
913 2293 956 2340 cu
973 2269 1152 2364 proposito
1170 2291 1191 2340 a
1207 2291 1263 2342 mo
1283 2270 1500 2354 factumest,

115 2399 153 2458 ut
173 2399 289 2482 partes
315 2385 477 2457 urethrse
496 2397 530 2457 et
547 2395 736 2482 prostatus,
774 2388 865 2456 iutsr
891 2387 1130 2481 operationem
1148 2384 1275 2470 lacsse,
1295 2383 1423 2456 clarius
1441 2407 1503 2460 sx-

115 2513 308 2594 pouuutur.
338 2503 400 2574 2⁶⁰.
417 2499 556 2596 plagam
576 2509 751 2593 prostatau
785 2499 967 2578 inflictam,
989 2499 1141 2578 etiarnsi,
1160 2507 1200 2570 ut
1219 2520 1293 2570 mos
1310 2511 1375 2580 est,
1394 2499 1437 2574 iu
1455 2503 1504 2572 si·

115 2617 229 2687 nistro
257 2616 368 2688 lutere
401 2615 555 2710 psrinaoi
581 2615 760 2686 emoreris
785 2613 939 2696 ductam,
971 2614 1045 2686 iero
1062 2615 1265 2708 sompsr,in
1283 2615 1498 2690 sectionibus

114 2732 230 2823 pslvis
247 2732 450 2802 transvorsis
464 2731 639 2803 sinistram
657 2729 797 2802 lectoris
814 2739 983 2824 spectare,
1002 2727 1089 2823 (vid.
1105 2730 1193 2801 Tah.
1208 2729 1385 2815 22-241,
1405 2729 1499 2825 qnod

113 2847 222 2918 luciis
242 2847 451 2942 explicatur,
483 2847 513 2918 si
543 2847 580 2916 in
599 2847 804 2916 memoriam
822 2867 965 2916 revocas
984 2845 1020 2914 in
1038 2843 1165 2916 tshulis
1182 2844 1237 2918 his
1255 2845 1378 2920 faciem
1396 2867 1498 2940 supu-

113 2964 247 3034 riorem
267 2961 439 3057 segmenti
457 2959 570 3034 infimi
589 2961 700 3056 polris
718 2969 893 3056 persectae
919 2957 975 3028 vel
1002 2959 1128 3030 luciam
1152 2959 1308 3032 infimam
1335 2961 1498 3034 sectionis

106 3075 357 3148 udumhratam
379 3097 466 3148 osse.

156 3191 307 3285 Effigiem
340 3191 403 3262 has
431 3187 722 3284 perlustrantibus
751 3187 867 3272 nobis,
901 3187 1102 3275 discrimen,
1121 3189 1216 3283 quod
1234 3189 1325 3262 inter
1341 3191 1496 3262 diversas

105 3304 336 3377 lithotomiae
356 3303 538 3376 methodos
550 3314 616 3382 ast,
632 3313 668 3372 ot
681 3303 860 3375 commoda
876 3303 1167 3400 incommodaque
1185 3303 1331 3378 dirersis
1349 3327 1496 3400 operan·
1610 3320 1619 3338 “

106 3419 144 3492 di
166 3420 285 3492 modis
300 3419 456 3517 propria,
488 3419 691 3515 praesertim
720 3442 764 3489 cx
782 3420 1043 3514 comparatione
1060 3442 1140 3491 curn
1158 3419 1319 3492 iconihus
1336 3421 1494 3494 issciculi

108 3537 178 3608 38.
203 3537 295 3610 clsrs
329 3533 549 3638 st·distincts
567 3533 768 3608 slucehunt.
802 3535 869 3606 ste
881 3534 1177 3629 contomplatione
1190 3536 1329 3608 iconum
1347 3538 1496 3608 22-26

111 3652 287 3722 diversum
305 3637 548 3727 directionsm,
568 3649 823 3722 dimensionem
842 3649 1088 3745 diversumque
1101 3660 1278 3745 aspectum
1297 3651 1491 3746 plagarum,

112 3790 206 3864 quae
224 3777 396 3862 prostatus
416 3776 452 3838 et
465 3767 558 3836 collo
576 3766 711 3837 vesicas
729 3764 772 3836 ad
790 3765 965 3836 calculum
996 3764 1250 3838 extrahendum
1268 3763 1490 3861 infliguntur.

112 3883 295 3979 multaque
312 3883 394 3964 alia,
427 3903 516 3976 quae
546 3881 583 3950 iu
611 3880 844 3974 dijudicandis
856 3880 1034 3976 periculis,
1054 3879 1182 3976 quihus
1199 3880 1399 3956 lithotomia
1415 3907 1491 3954 rsr·

112 4009 224 4079 satur,
251 4009 356 4092 atquo
374 3995 544 4076 consiliis,
573 4017 662 4091 quas
680 3997 717 4066 in
736 3997 939 4090 operatione
957 3995 1022 4066 hac
1040 3995 1255 4068 instituendo¹
1272 3997 1372 4094 ssqui
1389 4021 1492 4093 opor·

112 4123 174 4198 tet,
196 4114 262 4184 rite
279 4113 535 4206 cognoscimus.
661 4125 664 4132 '
1059 4133 1062 4140 ·

160 4228 353 4322 Praecipue
382 4248 465 4298 vero
496 4226 561 4296 hoe
591 4227 791 4320 questiones
821 4224 1042 4320 chirurgicus
1072 4227 1247 4322 captiosas
1281 4227 1491 4302 sectionibus

111 4343 241 4414 nostris
257 4339 485 4437 prohahiliter
502 4340 635 4410 solutae
654 4350 748 4412 sunt:

161 4461 199 4529 l‘.
219 4457 258 4527 ln
275 4453 441 4526 methodo
459 4457 687 4550 oystotomiae
705 4453 856 4536 laterali,
870 4455 959 4528 adso
976 4455 1055 4549 legs
1069 4455 1155 4526 artis
1166 4455 1338 4539 instituta,
1354 4459 1488 4554 plagam

110 4581 286 4665 prostatas
304 4570 473 4642 indictam
491 4593 562 4640 non
579 4591 729 4664 semper,
760 4580 802 4642 ut
817 4579 976 4642 auctores
1004 4569 1150 4648 docent,
1186 4569 1369 4646 directioni
1400 4575 1489 4648 radii

111 4683 264 4758 lateralis
283 4687 459 4758 inierioris
476 4685 580 4780 hujus
598 4685 786 4780 glandulas
802 4684 1025 4780 respondere.
1215 4661 1220 4685 ’

157 4805 197 4874 2.
217 4803 375 4897 Plagam,
396 4823 465 4896 qus
483 4801 603 4872 servir
620 4801 758 4872 'resisus
776 4801 910 4897 patefit,
929 4801 1111 4896 praecipue
1128 4801 1166 4872 iu
1180 4805 1386 4896 cystotomia
1403 4805 1490 4878 lats·

110 4917 312 4998 rali,rarius
330 4917 365 4988 in
383 4915 572 4994 hilatsrali,
592 4915 777 4988 circuitum
793 4925 970 5011 prostataa
986 4913 1169 4999 excedere,
1189 4926 1293 5014 atquo
1310 4919 1486 5016 capsulam

111 5031 455 5126 resicoprostaticam
473 5041 510 5102 st
524 5031 667 5102 fasciam
684 5029 969 5104 rsotovesiculsm
985 5029 1092 5104 laedi.

157 5147 195 5218 3.
217 5149 255 5219 lu
274 5144 467 5218 sucheiresi
493 5147 517 5216 s*
531 5170 588 5217 ms
605 5145 863 5226 commendata,
874 5168 967 5241 quae
983 5146 1019 5218 in
1037 5145 1199 5241 plurimis
1217 5158 1254 5220 ot
1268 5147 1386 5244 parvis
1400 5147 1487 5224 iuci-

111 5259 269 5334 sionihus
286 5269 459 5357 prostatus
475 5261 574 5334 voris
592 5259 786 5334 directions
808 5261 921 5334 ductis
945 5272 981 5334 st
997 5261 1165 5359 peculiari
1190 5263 1334 5338 cultello
1351 5265 1490 5340 institu-
