3704 6008
880 483 1122 558 ..ps-

359 751 478 820 tienalis
496 745 582 841 (c'’.')
611 747 675 836 (tric
691 749 721 816 in
738 749 843 818 otttmo
860 749 986 820 oondnio
1002 751 1158 838 utriusque
1174 749 1312 824 umdteo
1329 746 1472 842 percocti)
1492 749 1599 820 haberi
1615 769 1685 840 pos·

358 863 557 936 snntL-c'’'.
576 861 763 933 Continuatio
781 864 914 952 ejusdem
931 865 1061 934 dominre
1078 867 1241 954 peritonaei
1268 867 1299 936 io
1315 867 1484 936 mosooolon
1502 866 1685 950 descendens

319 1043 333 1070 ,ἱ
358 979 484 1050 -e”’'.
500 979 662 1050 drausius
680 980 821 1048 mesoooti
838 981 1044 1050 descendentis
1061 981 1092 1048 in
1109 981 1278 1051 mesooolon
1296 991 1511 1051 mensunusum.
1529 1015 1573 1034 ·-
1589 977 1681 1052 c'’'’'.
1732 1005 1738 1014 ·

356 1093 480 1164 luilerio
494 1095 656 1184 peritonnei
672 1094 821 1182 parietoiis
836 1097 865 1162 in
879 1095 986 1161 [aciem
1000 1097 1180 1162 anteriorem
1193 1097 1274 1163 renis
1289 1096 1383 1174 dextri
1396 1106 1425 1162 et
1438 1097 1468 1164 in
1485 1097 1591 1164 facient
1609 1115 1680 1166 con·

356 1231 459 1280 cavam
473 1211 599 1297 hepatis.
613 1243 659 1260 —-
674 1232 719 1280 ce.
739 1207 821 1278 Pticn
838 1213 999 1306 peritonoei
1017 1212 1081 1279 reni
1099 1212 1213 1294 dextro,
1232 1213 1395 1280 iaeieoutae
1409 1213 1501 1281 renati
1521 1211 1634 1300 hepatis
1650 1221 1681 1280 et

354 1326 488 1395 duodeno
504 1325 689 1411 interposita,
717 1346 793 1413 quoe
818 1328 882 1394 vico
908 1326 1136 1396 continuationis
1153 1327 1308 1417 ligamenti
1324 1327 1542 1416 hepatorenolis
1559 1339 1589 1395 et
1605 1328 1677 1394 dno·

355 1441 542 1510 denorenalis
559 1440 704 1530 iungitur.
728 1479 772 1494 -·
793 1441 827 1512 d.
847 1441 1021 1512 Mosooolon
1038 1452 1254 1516 transuersum.
1275 1481 1323 1496 -
1341 1443 1400 1512 dd.
1426 1443 1535 1534 Margo
1552 1445 1678 1513 interior

354 1557 414 1625 lobi
430 1556 525 1624 dextri
540 1555 670 1643 hepatis.
692 1594 743 1609 -·
764 1578 792 1626 e.
824 1555 946 1626 Fundus
977 1559 1095 1626 uesicae
1127 1557 1245 1643 dedicas,
1276 1559 1405 1646 nudique
1433 1559 1542 1628 lamina
1572 1579 1677 1628 sorosa

356 1671 520 1762 peritonaoi
549 1679 657 1754 tentus,
688 1681 717 1738 et
746 1674 777 1740 in
805 1673 883 1740 fossa
914 1693 967 1759 pro
984 1674 1082 1742 vesica
1100 1673 1186 1742 ietiea
1203 1674 1318 1762 hepatis
1336 1674 1429 1743 tibere
1445 1675 1563 1761 jacens.
1582 1711 1631 1726 -
1646 1674 1673 1764 s.

350 1787 511 1856 Faoieooln
529 1787 639 1855 renatis
657 1787 769 1876 hepatis
787 1789 960 1856 exsudatum
977 1809 1112 1878 serosurn
1131 1809 1252 1876 parvum
1271 1791 1438 1858 continens.
1457 1811 1549 1878 —g.
1569 1787 1677 1859 Parios

351 1904 476 1972 inferior
504 1904 610 1990 ppiori.
631 1941 679 1954 --
694 1903 727 1972 d.
758 1902 887 1972 Parrum
917 1905 1074 1972 frustulum
1105 1906 1239 1974 valvulae
1269 1906 1434 1992 pyloricoe.
1452 1940 1503 1957 -
1525 1906 1549 1972 ι’.
1569 1902 1676 1974 Partes

347 2020 471 2088 interior
484 2021 577 2107 partis
593 2029 781 2088 transuersae
802 2021 965 2107 superioris
983 2019 1120 2090 duodeni.
1140 2020 1179 2087 ii.
1200 2019 1358 2088 Transitus
1375 2021 1468 2108 partis
1486 2028 1676 2090 transuersae

348 2137 511 2224 superioris
541 2134 665 2202 duodeni
689 2136 718 2200 in
742 2144 857 2222 partem
874 2135 1113 2218 descendentem,
1140 2137 1254 2206 initium
1276 2145 1453 2204 curvaturae
1470 2137 1585 2223 primae
1602 2155 1672 2204 con-

344 2253 483 2320 stitneus.
495 2247 587 2317 -tc
602 2247 633 2318 ,1.
653 2247 745 2317 Coton
762 2258 979 2332 transversum,
999 2250 1076 2336 quod
1100 2249 1131 2316 in
1156 2259 1330 2338 praeparato
1348 2261 1448 2320 nostro
1466 2248 1579 2320 duobus
1597 2251 1672 2331 loeis

345 2378 515 2454 persectum
539 2375 596 2434 est:
630 2383 703 2432 ansa
721 2364 806 2451 hujus
825 2365 955 2432 intestini
975 2360 1067 2454 (inter
1080 2361 1103 2432 'd
1122 2375 1152 2434 et
1171 2365 1195 2452 lt
1216 2366 1272 2434 sod
1289 2367 1401 2463 pariete
1418 2368 1559 2442 interiore
1577 2367 1671 2453 partis

345 2482 492 2569 pptorione
526 2479 680 2546 uentriculi
715 2475 778 2566 (g.)
814 2479 896 2548 dotet.
923 2515 972 2530 -
996 2478 1038 2548 li.
1075 2475 1179 2548 Aurae
1209 2482 1415 2550 intestinorum
1450 2481 1598 2552 tenuium.
1619 2517 1671 2534 -

343 2618 386 2662 m.
407 2617 449 2664 m.
471 2589 552 2660 m’''.
572 2590 652 2660 m'''.
686 2591 789 2662 lntima
816 2614 885 2681 pars
916 2596 1024 2664 omenti
1055 2595 1177 2683 majoris
1195 2605 1225 2663 et
1241 2617 1344 2664 cauum
1364 2596 1457 2683 ipsius
1474 2598 1504 2664 in
1520 2597 1670 2666 nonnullis

343 2709 417 2776 lonis
434 2716 582 2797 apertum.
603 2743 651 2760 ·-
666 2728 743 2774 mm.
777 2705 870 2777 Coton
900 2709 1081 2778 descendens
1111 2719 1229 2779 omento
1259 2711 1436 2780 adhaerens.
1457 2749 1506 2764 -
1522 2735 1559 2784 n.
1591 2706 1670 2779 Pars

344 2825 455 2893 omenti
472 2822 674 2914 gastroootiei.
694 2857 743 2872 -
758 2844 795 2912 p.
826 2819 990 2890 Poncroas.
1011 2859 1057 2874 -
1077 2844 1108 2913 p.
1141 2821 1226 2892 Vena
1254 2834 1370 2914 portae.
1391 2863 1439 2876 —
1455 2846 1484 2895 r.
1516 2823 1669 2894 Partieuia

343 2939 488 3028 marginis
506 2936 656 3004 inferioris
674 2935 762 3003 lienis
779 2937 898 3022 propius
917 2937 1084 3024 superficiei
1102 2958 1249 3006 connexae
1265 2942 1405 3026 persecti.
1422 2977 1472 2990 -
1488 2962 1515 3010 s.
1533 2938 1667 3020 Stratum

342 3055 436 3142 adipis
455 3055 535 3121 eirea
555 3063 577 3118 t.
599 3070 702 3119 nonem
721 3050 889 3134 sinistrum,
910 3070 1001 3138 prope
1029 3050 1123 3118 hilum
1140 3061 1322 3139 persectum.
1341 3088 1389 3105 -
1408 3075 1441 3122 u.
1474 3053 1541 3124 Ren
1566 3056 1670 3124 denter

341 3167 378 3236 od
408 3168 430 3238 d
462 3167 515 3236 lin.
548 3165 623 3235 Par.
660 3184 750 3252 snpra
780 3163 871 3230 hilum
889 3172 1054 3252 perseotns.
1072 3187 1166 3232 -m
1198 3161 1266 3256 (per
1283 3187 1417 3238 errorem
1441 3169 1668 3258 pictorislitera

338 3283 425 3370 poulo
443 3283 531 3350 altius
548 3282 643 3368 posite
659 3277 733 3371 est).
756 3277 839 3346 Vena
857 3300 929 3347 oona
948 3281 1082 3347 interior.
1105 3317 1151 3331 —
1168 3301 1205 3350 m.
1234 3279 1330 3351 Aorta
1356 3285 1551 3354 oddominotis
1574 3267 1665 3374 snpra'

339 3400 488 3486 originem
508 3405 566 3465 art.
587 3396 697 3464 renatis
716 3396 834 3462 dextrae
849 3404 1091 3482 perseum-y.
1110 3392 1231 3464 Arteria
1246 3402 1444 3475 mescuterioa
1456 3401 1661 3490 superior.-

339 3533 370 3580 z.
392 3509 475 3580 Vena
494 3510 604 3578 renatis
622 3511 756 3578 sinistra.

388 3624 428 3693 Et
446 3629 476 3693 in
495 3627 549 3692 hoo
568 3627 662 3707 icone,
685 3633 717 3691 ut
734 3626 763 3691 in
781 3623 849 3708 Fig.
874 3625 908 3691 9.
930 3623 1005 3692 Tnb.
1028 3625 1062 3693 i.
1079 3646 1169 3692 ansae
1183 3627 1340 3696 nonnudtae
1352 3629 1558 3696 intestinorum
1576 3637 1662 3699 tenn-

338 3742 398 3807 ium
420 3737 487 3831 (ld.)
509 3743 586 3808 sicut
608 3759 676 3828 pars
689 3739 820 3826 pytorion
833 3739 1000 3817 ventriculi,
1023 3741 1067 3826 (p)
1084 3740 1147 3806 coto
1161 3749 1330 3808 transuerso
1348 3740 1388 3832 (d)
1410 3743 1455 3828 [et
1470 3743 1593 3811 flexuris
1617 3743 1661 3834 ip·

341 3857 404 3923 sius
427 3855 472 3941 (k.
489 3853 530 3946 l.)
547 3858 666 3923 dextrae
679 3864 708 3922 et
726 3851 830 3945 (mm.)
846 3854 998 3941 sinistrae)
1019 3872 1136 3921 necnon
1153 3855 1301 3922 mesocodo
1316 3857 1436 3925 sinistro
1450 3865 1479 3925 et
1493 3867 1663 3928 transuerso

343 3967 476 4062 tc''’'d.)
509 3973 549 4040 ita
580 3972 768 4058 interpositae
797 3980 877 4054 snut,
910 3980 940 4037 ut
970 3970 1101 4036 sectione
1127 3989 1178 4057 per
1204 3971 1372 4038 mesocoion
1391 3972 1447 4039 doe
1463 3973 1549 4040 dueta
1566 3975 1657 4042 simui

337 4105 404 4152 oum
424 4086 501 4170 eolo,
518 4089 546 4154 in
565 4087 660 4153 tribus
678 4085 751 4152 loois
773 4083 816 4167 td.
830 4085 921 4170 dm.)
942 4086 1070 4172 narciso,
1087 4095 1116 4151 et
1133 4105 1199 4151 oum
1218 4086 1323 4172 pyioro
1338 4087 1492 4155 ventriculi
1506 4099 1661 4174 persectae

340 4202 412 4269 sint.
444 4197 491 4269 Ad
517 4203 738 4289 dispositionem
756 4203 884 4288 partium
902 4202 931 4266 in
950 4198 1033 4268 icone
1051 4199 1106 4267 hac
1124 4200 1365 4268 adumbratorum
1391 4202 1467 4270 bene
1493 4203 1655 4294 intelligen-

338 4316 419 4400 dam,
448 4337 570 4385 necesse
597 4325 643 4385 est
668 4317 697 4383 in
723 4316 898 4382 memoriam
932 4333 1104 4382 revocemus
1130 4315 1196 4380 attis
1230 4314 1303 4381 locis
1337 4323 1491 4404 utramque
1516 4319 1658 4386 mesccoii

338 4429 480 4498 laminam
528 4427 575 4524 (ut
610 4433 641 4499 in
677 4427 729 4521 d.)
761 4431 827 4497 otiis
857 4447 927 4495 uero
958 4447 1047 4495 unam
1078 4428 1261 4494 solummodo
1292 4431 1336 4514 (ut
1361 4433 1437 4497 inter
1465 4427 1542 4499 c'”'.
1572 4427 1654 4518 e”’.)

337 4556 504 4634 persenam
545 4568 624 4619 esse.
668 4547 803 4635 Spatium
846 4545 936 4634 igitur
977 4544 1131 4627 albidum,
1176 4545 1205 4611 in
1247 4546 1346 4636 iigura
1387 4547 1472 4614 litera
1515 4523 1538 4614 d
1575 4550 1653 4618 desi·

331 4649 459 4750 'gnatum
476 4671 506 4730 et
523 4665 599 4732 inter
616 4665 746 4732 vesicam
763 4660 881 4728 ietleam
903 4657 943 4747 (e)
972 4659 1119 4725 iteruram
1142 4658 1306 4746 hepaticam
1330 4659 1386 4729 ooli
1405 4654 1452 4750 (ir)
1465 4710 1468 4715 -
1480 4681 1515 4730 ao
1544 4664 1655 4732 duode-

338 4794 408 4842 num
429 4774 469 4870 (i)
490 4780 651 4860 inclusum,
671 4773 841 4842 mesocoton
856 4779 1060 4860 repraesentat
1077 4780 1293 4857 transversum,
1313 4793 1366 4861 per
1382 4781 1539 4864 utramque
1564 4777 1652 4845 tarni-

338 4910 407 4957 uam
436 4893 529 4980 ipsios
547 4893 744 4982 (superiorem
768 4896 799 4955 et
823 4889 1008 4974 inferiorem)
1031 4887 1194 4975 percisum,
1217 4891 1266 4957 cni
1281 4891 1381 4977 paries
1411 4887 1533 4959 inferior
1558 4892 1651 4980 pplori

335 5014 365 5073 et
381 5008 524 5096 portionis
540 5015 726 5076 transuersae
743 5003 905 5093 superioris
922 5003 1046 5072 duodeni
1063 5002 1192 5072 occubit.

337 5155 461 5228 Ταῦ.
479 5159 526 5230 fl.
545 5157 620 5227 Tres
639 5157 784 5226 sectiones
801 5162 987 5224 transuersas
1003 5173 1058 5242 per
1075 5153 1282 5246 cartilaginem
1308 5159 1408 5223 costae
1428 5152 1482 5221 7⁸⁰
1500 5161 1530 5223 et
1547 5152 1602 5223 8ιο
1621 5165 1652 5224 et

288 5305 340 5374 per
374 5309 482 5378 corpus
511 5291 665 5360 vertebrae
696 5291 776 5358 dorsi
810 5287 889 5356 49¹⁰
918 5293 948 5356 ot
975 5286 1114 5356 lumbatis
1143 5287 1218 5354 9⁶¹0
1248 5286 1350 5355 ductas
1381 5285 1505 5377 effingit.
1536 5283 1652 5356 Canens
