3736 6008
702 511 948 588 aaa..

130 785 329 848 transverse
359 785 512 871 perseeta
549 775 607 858 sit,
643 772 813 848 diversam
830 797 920 847 essse
955 773 1029 846 iere
1046 773 1230 848 rotundam
1247 771 1350 869 (Τὼ.
1369 775 1431 856 hh,
1451 773 1512 868 hh)

130 913 237 984 prope
275 889 411 984 apicem
441 900 475 960 et
505 889 670 961 isthmum
704 887 881 972 creticam
904 887 1163 962 cordiiormem
1197 891 1233 962 in
1272 888 1386 962 media
1419 901 1514 984 parta

130 1003 231 1098 (Tab.
247 1007 328 1101 bip
347 1005 420 1075 iere
438 1001 716 1100 quadrangulam
732 1027 842 1100 prope
859 1004 973 1076 basin.
1026 1021 1029 1030 ·

175 1117 301 1191 Plures
324 1117 607 1191 adumbrationes
633 1130 811 1214 praeterea
835 1128 1027 1214 prostatam
1045 1118 1182 1192 divorso
1208 1118 1328 1200 modo,
1357 1119 1450 1213 qnod
1477 1117 1512 1190 in

127 1229 277 1324 diversis
301 1233 527 1306 lithotomiae
555 1233 728 1305 methodis
745 1233 887 1314 accidit,
907 1243 1117 1308 transactam
1148 1242 1184 1304 et
1201 1230 1324 1306 deiude
1356 1233 1392 1304 in
1411 1232 1512 1305 cada·

127 1370 207 1418 vere
227 1349 414 1444 congelato
433 1359 601 1422 trasserse
621 1360 811 1442 percoctam
827 1349 1011 1443 effingunt.
1161 1403 1165 1410 .

174 1461 231 1533 ad
251 1465 372 1535 icones
390 1463 463 1550 has,
482 1485 572 1559 quae
591 1464 829 1559 operationem
856 1461 1077 1536 lithotomise
1092 1462 1315 1558 perlustrant,
1342 1461 1430 1534 hene
1459 1464 1514 1534 in·

125 1577 336 1672 telligendas
349 1577 434 1648 baec
452 1579 636 1650 observare
654 1601 793 1650 neeesse
813 1590 878 1652 estc
916 1582 983 1649 1¹³⁰
1001 1579 1180 1650 Sectionea
1196 1577 1289 1650 hunc
1306 1577 1351 1648 ad
1367 1601 1510 1674 scopum

123 1713 186 1785 per
201 1693 333 1782 pelvim
348 1693 521 1767 minorem
539 1694 659 1765 ductas
690 1695 799 1786 (conl.
836 1693 923 1765 Tab.
944 1693 1107 1789 22-27)
1127 1692 1334 1788 plerumque
1349 1693 1512 1766 directio·

124 1827 204 1878 nem
220 1831 294 1879 non
307 1807 374 1879 rite
392 1817 637 1888 transversam,
653 1809 718 1880 sed¹
732 1812 847 1904 potius
865 1809 1011 1904 obliquo
1031 1819 1263 1898 transversam
1282 1813 1391 1904 sequi,
1412 1811 1460 1880 ita
1474 1820 1513 1880 ut

124 1924 217 1996 linea
242 1949 364 1997 secans
381 1949 401 1996 a
420 1926 598 2022 symphys'i
618 1927 718 2021 pubis
735 1925 840 1998 modo
858 1924 1039 2009 deorsum,
1059 1924 1163 1996 modo
1181 1923 1285 2018 paulo
1304 1946 1439 1995 sursum
1459 1923 1509 1996 di·

124 2049 224 2112 recta
240 2043 299 2119 sit.
332 2041 427 2136 quod
444 2063 488 2114 ex
508 2052 606 2137 parte
628 2039 805 2112 ediverso
826 2039 938 2134 gradu
957 2039 1196 2112 inclinationis
1214 2039 1325 2133 pelvis
1342 2040 1378 2112 in
1396 2039 1511 2112 diver·

124 2157 171 2228 eis
189 2157 434 2237 cadaveribus,
455 2165 610 2250 exparte
627 2178 646 2227 a
661 2155 798 2226 diverso
813 2155 896 2236 situ,
911 2155 948 2226 in
963 2179 1032 2251 quo
1051 2155 1169 2248 pelves
1185 2153 1265 2248 gelu
1284 2161 1424 2230 coactae
1441 2164 1509 2228 sta·

123 2267 249 2342 bilitas
274 2281 385 2349 mant.
415 2269 643 2365 dependebat.
675 2270 801 2376 partim
820 2293 903 2341 vero
921 2293 963 2340 eo
981 2269 1159 2364 proposito
1177 2291 1199 2342 a
1214 2291 1270 2342 me
1292 2271 1423 2344 lactum
1443 2280 1507 2354 est,

123 2399 162 2456 ut
180 2399 297 2482 partes
323 2387 484 2459 urethrae
502 2397 538 2457 et
554 2397 743 2482 prostatus,
766 2390 873 2457 inter
899 2387 1138 2480 operationem
1155 2384 1282 2470 laesae,
1303 2382 1431 2456 clarius
1448 2407 1511 2458 ax·-

122 2513 316 2595 ponantor.
346 2504 408 2576 2⁰⁰.
424 2501 563 2596 plagam
584 2511 758 2595 prostatae
792 2501 974 2579 indictam.
996 2500 1149 2578 etiamsi,
1168 2507 1208 2571 ut
1227 2521 1301 2570 mos
1318 2510 1383 2579 est,
1402 2499 1445 2574 in
1463 2503 1510 2572 si·

123 2617 237 2687 nistre
265 2617 374 2690 latere
408 2616 563 2711 perinaei
589 2615 767 2687 cadaveris
793 2615 947 2697 ductam,
978 2615 1053 2686 iero
1071 2615 1272 2708 semper.in
1291 2615 1506 2688 sectionibus

123 2733 237 2825 pelvis
255 2719 458 2803 transversis
471 2732 647 2803 sinistram
665 2730 805 2803 lectoris
822 2739 990 2824 spectare,
1009 2729 1097 2824 (vid.
1113 2728 1200 2800 Tab.
1216 2730 1393 2816 22-24).
1413 2730 1507 2826 quod

122 2847 231 2918 facile
250 2847 459 2942 explicatur,
492 2847 520 2918 ai
551 2847 587 2916 in
607 2847 812 2918 memoriam
830 2868 973 2916 revocas
992 2847 1026 2916 in
1045 2844 1173 2916 tabulis
1190 2845 1245 2918 his
1262 2847 1387 2918 taciem
1404 2865 1506 2940 sepe·

120 2965 255 3036 riorem
275 2963 446 3058 segmenti
465 2960 578 3034 intimi
596 2961 708 3055 pelvis
726 2969 901 3057 persectae
928 2959 983 3032 vel
1010 2961 1135 3032 taciem
1161 2959 1316 3033 in'bmam
1343 2961 1506 3034 sectionis

114 3075 365 3149 adumbratam
386 3099 473 3148 esse.

164 3191 315 3286 Effigies
348 3192 410 3262 has
439 3187 730 3284 perlustrantibus
759 3189 874 3272 nobis,
908 3190 1109 3275 discrimen,
1128 3191 1224 3284 quod
1242 3190 1333 3264 inter
1349 3191 1504 3264 diversae

113 3305 344 3377 lithotomiae
363 3303 545 3376 methodos
558 3315 624 3383 est,
641 3315 676 3376 et
688 3304 868 3376 commoda
884 3303 1175 3400 incommodaque
1192 3305 1339 3378 diversis
1355 3329 1504 3401 operan·
1618 3321 1628 3340 ’

113 3421 152 3492 di
173 3422 292 3493 modis
308 3419 464 3516 propria,
496 3419 699 3515 praesertim
728 3443 771 3489 ex
789 3421 1051 3515 comparatione
1068 3443 1148 3492 cum
1166 3420 1327 3494 iconibus
1343 3422 1502 3496 fasciculi

115 3537 185 3608 an.
210 3537 303 3609 clare
337 3534 557 3640 ctdistincte
575 3534 775 3608 elucebunt.
809 3535 1337 3630 Siccontemplationeiconnm
1355 3539 1503 3610 22—26

119 3653 295 3724 diversam
313 3639 556 3728 directionem.
576 3647 831 3722 dimensionem
850 3649 1096 3746 diversumque
1109 3659 1287 3745 aspectum
1306 3653 1499 3746 plagosum.

120 3792 213 3865 quae
230 3777 404 3863 prostatae
424 3777 460 3838 et
473 3767 565 3838 eollo
584 3766 719 3836 vesicae
736 3764 780 3836 ad
798 3765 973 3836 calculum
1004 3764 1258 3837 extrahendum
1276 3765 1498 3861 infliguntur.

120 3883 303 3979 multaque
320 3884 402 3964 alia,
435 3903 524 3978 quae
555 3883 591 3952 in
618 3881 852 3976 dijudicandis
864 3880 1042 3976 periculis.
1062 3880 1190 3976 quibus
1206 3879 1407 3954 lithotomia
1423 3905 1499 3954 rer·

120 4009 231 4079 sator,
259 4009 364 4093 atque
381 3992 552 4078 consiliis.
581 4019 670 4092 quae
688 3997 724 4067 in
744 3997 947 4091 operatione
966 3995 1030 4067 hac
1048 3995 1263 4068 instituenda
1280 3998 1380 4094 acqui
1397 4021 1500 4094 opor·

121 4124 182 4198 tet,
204 4114 269 4186 rite
287 4113 544 4207 cognoscimus.
669 4127 672 4134 ’
1066 4133 1071 4142 ’

168 4229 360 4324 Praecipue
389 4249 473 4298 vero
505 4226 570 4296 hae
599 4227 799 4321 questiones
828 4225 1049 4320 chirurgicos
1080 4226 1255 4321 captiosae
1288 4228 1499 4302 sectionibus

120 4343 249 4416 nostris
265 4339 493 4438 probabiliter
510 4341 643 4412 solutae
662 4351 756 4412 sunt:

170 4461 207 4530 t‘.
227 4459 265 4528 ln
283 4453 448 4528 methodo
467 4457 695 4550 cystotomiae
714 4454 863 4538 laterali,
878 4455 966 4528 adeo
984 4455 1062 4550 tege
1076 4455 1163 4526 artis
1174 4455 1346 4540 instituta,
1363 4459 1496 4556 plagam

119 4581 294 4666 prostatae
312 4571 480 4642 indictam
499 4591 570 4641 non
587 4591 736 4665 semper.
768 4581 808 4640 ut
825 4582 984 4644 auctores
1012 4569 1158 4649 docent.
1193 4570 1378 4648 directioni
1407 4576 1496 4648 radii

118 4684 272 4759 lateralis
290 4688 467 4760 interioris
484 4685 589 4781 hujus
606 4685 793 4780 glandulae
810 4686 1033 4782 respondere.
1224 4664 1228 4686 '

165 4807 205 4874 2.
225 4803 381 4898 Plagam.
403 4825 473 4897 qna
490 4801 611 4873 cervix
628 4801 766 4872 ‘vesicae
784 4801 917 4896 patefit,
937 4802 1119 4896 praecipue
1137 4801 1174 4872 in
1188 4805 1396 4897 eystotomia
1411 4805 1498 4878 late·

119 4917 320 5000 rali,rarius
338 4917 374 4988 in
391 4915 580 4995 bilaterali.
600 4916 785 4988 circuitum
801 4925 978 5012 prostatae
994 4915 1178 5001 excedere,
1197 4927 1301 5015 atquo
1319 4919 1493 5016 capsulam

119 5033 462 5127 vesicoprostaticam
481 5042 517 5104 et
532 5033 674 5103 iasciam
692 5031 976 5104 rectovesioalem
993 5031 1100 5104 laedi.

166 5149 202 5218 3.
224 5149 263 5218 ln
283 5145 475 5219 encheiresi
501 5150 525 5218 a'
539 5169 596 5218 me
614 5147 974 5242 commendata.quae
991 5147 1027 5218 in
1046 5145 1207 5243 plurimis
1226 5160 1261 5221 et
1276 5149 1394 5244 parvis
1408 5149 1495 5224 inci·

120 5261 277 5334 sionibus
294 5269 467 5358 prostatse
482 5261 582 5334 varia
600 5259 793 5336 directione
816 5261 930 5334 doctis
954 5275 989 5336 et
1006 5263 1172 5359 peculiari
1197 5263 1342 5338 cultello
1359 5267 1497 5343 institu-
