3666 6002
895 549 1113 616 ..2-

369 730 622 802 Delineationes
640 732 831 801 sectionum
850 755 911 824 per
926 734 1087 808 musculos
1106 735 1222 802 lleetoa
1241 733 1427 804 abdominis
1446 733 1624 803 ductarum
1643 731 1689 800 si·

321 854 392 914 tum
412 847 608 930 ventriculi,
630 847 697 917 coli
719 851 902 918 transversi
921 858 957 918 et
972 847 1042 918 lobi
1059 849 1190 918 sinistri
1205 849 1352 942 hepatis,
1374 851 1556 943 praecipue
1575 855 1692 917 autem

320 960 523 1032 inflexiones
538 962 876 1056 peritonaei‚quibus
890 975 1029 1034 omenta
1043 975 1078 1033 et
1091 967 1295 1034 mesenteria
1310 963 1581 1044 constituuntur,
1598 962 1693 1032 claro

320 1075 517 1146 ostendunt.
556 1078 765 1148 lnflexiones
783 1078 846 1149 hae
869 1079 1073 1148 laminarum
1092 1081 1299 1171 peritonaei,
1324 1090 1395 1149 tam
1419 1078 1575 1148 difficiles
1593 1075 1695 1146 intel·

320 1189 425 1271 lectu,
446 1193 623 1286 quaejam
638 1194 846 1264 sectionibus
866 1196 899 1262 in
918 1195 1172 1287 longitudinem
1191 1195 1316 1273 ductis,
1345 1205 1384 1262 ut
1408 1219 1451 1262 ex
1478 1193 1691 1286 contempla·

319 1306 426 1374 tione.
456 1307 542 1378 Tab.
564 1311 586 1376 l
604 1319 638 1378 et
656 1310 690 1383 3.
712 1310 734 1374 l
752 1309 821 1376 et5
840 1319 945 1400 patet.
964 1309 1112 1402 perbene
1130 1310 1421 1386 demonstrantur.
1437 1309 1541 1379 etiam
1555 1307 1693 1378 eviden-

320 1422 424 1490 tiores
443 1420 670 1514 adparebunt,
702 1424 730 1492 si
749 1423 865 1494 icones
897 1424 1053 1494 fasciculi
1085 1423 1228 1517 hujusce
1260 1446 1339 1495 cum
1361 1425 1417 1502 iis,
1450 1447 1539 1517 quae
1569 1425 1694 1494 sectio·

318 1557 377 1604 nes
395 1535 590 1606 abdominis
621 1548 832 1609 transversas
849 1539 1057 1609 adumbrant
1088 1540 1196 1632 (conl.
1231 1541 1330 1612 Fasc.
1364 1539 1401 1631 3)
1433 1548 1689 1633 comparentur.

319 1651 364 1722 Ut
380 1675 461 1721 vero
480 1653 660 1747 complexa
678 1663 910 1735 omentorum,
944 1655 1108 1726 mesocoli
1132 1664 1167 1725 et
1185 1655 1398 1729 diversorum
1416 1654 1689 1748 ligamentorum

319 1767 538 1837 visceralium
570 1769 748 1862 dispositio
771 1769 895 1840 melius
924 1770 1112 1839 memoriae
1149 1771 1380 1864 imprimatur,
1414 1767 1457 1840 ad
1487 1768 1692 1862 explicatio·

318 1904 395 1950 nem
415 1883 660 1956 nonnullarum
680 1886 817 1956 iconum
836 1885 975 1958 brevem
1005 1885 1269 1980 descriptionem
1288 1885 1409 1956 barum
1429 1887 1579 1979 partium
1598 1885 1692 1978 peri-

319 1999 430 2067 tonaei
449 1999 570 2092 adjeci.

366 2113 479 2194 Quum
501 2115 713 2186 ventriculus
730 2125 764 2186 et
781 2116 898 2196 colon,
917 2123 1021 2209 prout
1037 2138 1147 2187 vacua
1164 2125 1224 2185 aut
1241 2115 1318 2184 cibo
1332 2125 1367 2184 et
1380 2116 1609 2185 excrementis
1629 2119 1693 2184 im·

319 2227 407 2318 plata
426 2238 517 2308 sunt,
539 2233 641 2300 situm
659 2230 846 2301 admodum
868 2230 1041 2300 diversum
1073 2229 1235 2308 habeant,
1269 2229 1424 2300 delinitio
1455 2240 1571 2300 autem
1602 2229 1694 2300 sedis

319 2342 441 2412 borum
460 2367 670 2437 organorum
689 2345 731 2414 ad
751 2354 907 2416 exactam
940 2344 1141 2416 morborum
1175 2343 1368 2416 abdominis
1399 2345 1581 2437 diagnosin
1611 2369 1693 2414 con·

316 2457 525 2527 stituendam
540 2457 688 2528 multum
706 2461 875 2538 conserat:
896 2483 1004 2554 quum
1026 2485 1127 2549 porro
1141 2463 1177 2532 in
1192 2461 1432 2531 examinandis
1450 2461 1601 2552 aegrotis
1621 2485 1690 2532 non

317 2593 395 2640 raro
414 2571 562 2652 accidat,
587 2584 627 2642 ut
643 2572 745 2643 colon
772 2584 1003 2644 transversum
1030 2575 1111 2644 llatu
1130 2587 1164 2646 et
1179 2577 1407 2645 excrementis
1426 2588 1609 2645 extensum
1628 2600 1692 2670 pro

317 2687 524 2767 ventriculo,
544 2697 579 2758 et
595 2689 671 2760 vice
691 2711 787 2760 versa
804 2690 1000 2760 stomachus
1018 2689 1179 2781 impletos
1203 2715 1264 2782 pro
1289 2689 1367 2759 colo
1386 2689 1568 2770 habeatur,
1590 2692 1692 2761 secti·

317 2822 401 2870 ones
419 2813 553 2872 nostras
574 2827 634 2896 per
651 2803 820 2874 abdomen
839 2805 911 2874 sive
926 2805 1065 2896 plenum
1080 2806 1152 2874 sive
1170 2804 1361 2897 collapsum
1377 2805 1412 2873 in
1432 2803 1691 2897 longitudinem

318 2915 451 2992 ductas.
476 2941 638 3010 magnam
658 2917 843 2990 utilitatem
863 2919 984 2989 afferre
1004 2930 1102 3013 puto,
1124 2922 1203 3016 quia
1216 2921 1349 2988 variam
1368 2918 1569 2989 relationem
1601 2922 1695 3013 posi·

318 3041 371 3100 tus
401 3035 585 3104 ventriculi
616 3046 650 3103 et
679 3035 747 3104 coli
779 3034 822 3104 ad
853 3036 1002 3127 parietes
1032 3035 1227 3106 abdominis
1252 3034 1469 3103 exactissime
1492 3045 1691 3127 exponunt.

318 3148 474 3240 Exempli
494 3151 606 3242 gratia
627 3153 661 3220 in
682 3149 837 3221 iconibus
855 3154 890 3230 2,
912 3152 1186 3245 antepositum
1205 3147 1393 3219 ventriculi
1407 3159 1442 3218 et
1460 3149 1527 3220 coli
1543 3149 1585 3218 ad
1601 3173 1693 3218 mar-

316 3263 431 3352 ginem
451 3276 633 3336 externum
656 3265 891 3338 musculorum
913 3265 1096 3338 llectorum
1127 3265 1324 3336 abdominis
1353 3274 1389 3334 et
1417 3263 1547 3335 lineam
1577 3265 1693 3336 albam

316 3376 465 3447 effictum
484 3379 653 3451 invenies.

365 3489 594 3574 Quodattinct
612 3497 655 3565 ad
673 3494 773 3565 lienis
791 3497 909 3579 sitnm,
930 3493 1259 3577 valdemutabilem.
1280 3495 1309 3564 is
1326 3495 1465 3589 quidem
1480 3519 1523 3565 ex
1538 3506 1693 3566 contem·

318 3605 470 3696 platinae
488 3609 682 3680 sectionum
710 3611 744 3680 in
785 3610 1038 3705 longitudinem
1078 3610 1261 3680 ductarum
1295 3609 1435 3682 difficile
1469 3609 1693 3704 intelligitur,

317 3723 445 3790 etenim
465 3721 589 3816 figura,
610 3725 759 3796 ambitus
777 3739 811 3795 et
828 3727 971 3796 directio
991 3727 1187 3817 marginum
1211 3724 1318 3818 ipsius
1337 3727 1407 3794 fere
1427 3749 1604 3824 nunquam
1625 3749 1692 3796 una

318 3835 509 3932 cademque
527 3853 620 3911 sunt.
648 3843 768 3935 ltaque
786 3852 824 3912 ut
842 3841 1092 3910 diversissimos
1119 3839 1205 3909 situs
1221 3839 1323 3910 lienis
1340 3840 1463 3910 melius
1482 3841 1599 3912 animo
1615 3863 1691 3932 per·

318 3953 438 4044 cipias,
459 3955 575 4026 icones
593 3955 695 4049 bujus
725 3955 895 4026 Fasciculi
927 3979 1005 4025 cum
1038 3953 1326 4024 delineationibus
1345 3953 1517 4023 Fasciculi
1543 3954 1576 4024 3.
1599 3954 1690 4024 Tab.

321 4069 353 4144 1,
374 4069 410 4142 2.
432 4071 466 4149 3,
488 4069 523 4148 l.
544 4095 633 4165 quae
651 4072 888 4152 directionem,
917 4071 1067 4165 positum
1086 4078 1123 4139 et
1143 4091 1271 4138 nexum
1296 4067 1422 4162 splenis
1453 4067 1580 4138 clarius
1612 4068 1693 4141 illu·

316 4192 439 4262 strant.
460 4207 637 4278 compares
656 4210 793 4257 necesse
811 4197 875 4257 est.

364 4297 418 4366 En
436 4297 588 4378 demum,
614 4325 703 4394 quae
725 4300 767 4370 de
798 4302 911 4394 positu
940 4300 1113 4371 viscerum
1144 4296 1432 4376 abdominalium‚
1463 4319 1526 4366 nec
1553 4319 1625 4366 non
1652 4297 1695 4367 de

316 4423 455 4503 aspectu
474 4437 514 4480 ao
533 4417 808 4486 conformatione
826 4437 950 4484 caveae
971 4413 1160 4506 peritonaei
1180 4435 1224 4482 ex
1251 4411 1539 4505 contemplatione
1565 4414 1694 4482 sectio-

317 4548 400 4594 num
419 4526 454 4595 in
474 4526 727 4621 longitudinem
746 4530 941 4608 ductarum,
963 4531 1053 4598 sicut
1070 4526 1268 4603 corollaria.
1293 4525 1394 4596 facile
1413 4526 1614 4596 elucebunt:

369 4645 400 4732 l)
422 4641 500 4725 Quo
514 4645 656 4737 propius
671 4645 928 4734 hypocbondriis
948 4642 1083 4728 (dextro
1097 4641 1151 4709 vel
1166 4643 1319 4724 sinistro)
1340 4663 1479 4709 caveam
1499 4643 1694 4732 peritonaei

317 4755 352 4823 in
373 4757 629 4850 longitudinem
656 4769 845 4849 percoctam
872 4758 1080 4835 invenimus,
1101 4778 1141 4824 eo
1162 4756 1271 4847 magis
1290 4763 1463 4846 aspectum
1482 4757 1695 4826 ovilormem

318 4869 446 4939 babere
465 4871 613 4949 videtur.
635 4884 733 4965 parte
747 4873 898 4965 largiore
912 4893 1047 4940 sursum
1061 4877 1098 4937 et
1109 4869 1309 4960 angustiore
1324 4868 1483 4937 deorsum
1498 4879 1693 4961 spectante.

318 4985 447 5053 Contra
462 5005 565 5054 cavea
585 4985 670 5055 baec
689 5009 794 5080 prope
813 4987 935 5054 ls'oeam
953 4983 1062 5052 olbam
1080 4983 1135 5053 vel
1154 4984 1189 5050 in
1203 4984 1344 5073 regione
1359 4981 1517 5052 mediana
1537 4999 1696 5077 persecta

319 5105 497 5189 aspectum
524 5109 673 5170 retortae
701 5098 808 5193 (vasis
835 5097 992 5186 cbemiri)
1016 5119 1096 5190 prae
1122 5121 1157 5164 se
1176 5097 1242 5164 lert
1259 5107 1291 5163 et
1309 5105 1404 5188 parte
1424 5097 1574 5189 largiore
1593 5099 1697 5170 deor-

318 5233 394 5279 sum
413 5221 556 5304 spectat.
