3704 6008
574 1351 991 1448 rsscrcunus
1029 1358 1071 1432 a.

363 1644 576 1762 lllllllll
613 1643 886 1764 llllllllllld
922 1651 1011 1766 llll
1038 1653 1280 1772 ⁴lllllhllll.

179 2243 316 2336 Organa
341 2244 415 2314 sola
440 2241 592 2312 thoracis
618 2261 689 2309 non
714 2238 781 2310 nisi
808 2240 843 2310 in
861 2240 1074 2312 sectionibus
1101 2244 1316 2327 transversis,
1344 2255 1504 2344 utsupra

129 2357 249 2427 monui
270 2357 357 2449 (vid.
379 2357 477 2428 Fasc.
497 2359 534 2438 2,
555 2377 635 2449 pag.
665 2355 717 2448 3),
747 2356 838 2424 inter
858 2356 1103 2448 ,cartilaginem
1131 2364 1245 2429 costae
1268 2349 1380 2430 tssmae
1398 2372 1433 2431 et
1450 2363 1502 2434 in·

128 2473 313 2543 terstitium
340 2471 558 2544 intercostale
585 2467 745 2564 quintum
771 2467 894 2548 ductis,
927 2471 963 2568 in
991 2481 1213 2566 conspectum
1238 2476 1396 2556 veniuntc
1431 2452 1502 2550 imo

127 2589 233 2658 ctiam
261 2589 296 2658 in
323 2589 476 2660 sectione
502 2607 605 2679 supra
632 2585 698 2654 hoc
723 2585 949 2656 interstitium
976 2587 1137 2658 instituta·
1158 2612 1229 2659 non
1254 2612 1333 2662 raro
1353 2593 1396 2680 (sl
1415 2614 1446 2664 e.
1467 2617 1502 2690 g.

126 2703 326 2774 stomachus
343 2701 450 2774 fluido
469 2703 525 2772 vcl
543 2709 627 2794 acre
642 2709 804 2770 extensus
817 2703 875 2796 sit)
895 2725 1019 2772 cavum
1037 2704 1189 2776 thoracis
1206 2707 1310 2777 simul
1326 2727 1404 2777 cum
1419 2731 1506 2782 caro

127 2817 323 2890 abdominis
342 2818 586 2914 perscinditur.
606 2819 746 2910 Organa
764 2827 880 2887 autcm
898 2818 972 2888 sola
990 2817 1199 2901 abdominis,
1214 2845 1263 2876 a·
1275 2843 1353 2892 cnm
1373 2821 1508 2895 ultimis'

128 2943 243 3004 tamen
260 2932 461 3027 pleurarum
476 2931 648 3013 confiniis,
662 2973 712 3009 r·-
724 2955 795 3002 non
812 2932 878 3003 nisi
896 2933 933 3002 in
948 2933 1159 3006 sectionibus
1173 2937 1392 3020 transversis,
1413 2931 1506 3032 tofto
1580 2917 1583 2928 ¹

128 3051 360 3142 cartilaginem
377 3067 488 3122 costos
504 3065 620 3120 sectus
637 3049 749 3121 ductis
766 3047 1042 3143 conspiciuntur.

175 3255 216 3324 lo
233 3253 300 3324 hoc
313 3255 423 3350 igitur
436 3221 550 3347 operis
564 3253 672 3322 nostri
691 3249 868 3334 fasciculo,
890 3247 1006 3346 quide
1024 3274 1109 3322 cavo
1128 3247 1324 3331 abdominis
1342 3261 1377 3319 et
1395 3251 1510 3350 pelvis¹

128 3367 215 3460 agit,
242 3373 400 3442 sectiones
418 3386 620 3442 transversas
641 3390 702 3460 per
717 3367 948 3460 cartilaginem
967 3377 1075 3435 costae
1091 3379 1204 3435 sectae
1222 3379 1252 3467 ct
1270 3388 1379 3436 omncs
1391 3389 1500 3464 proc-

125 3483 223 3576 cr'puc
241 3489 411 3572 sectiones,
431 3510 516 3578 quoe
533 3487 626 3578 infru
643 3487 750 3576 ipsam
768 3485 948 3572 ducuntur,
967 3481 1268 3578 perlustrabimus.

176 3685 273 3758 Sicut
299 3689 416 3759 icones
442 3687 599 3760 fasciculi
625 3685 768 3757 secundi
794 3685 962 3756 sectiones
987 3695 1200 3756 transversas
1219 3705 1280 3776 per
1298 3684 1499 3779 quampiam

126 3803 368 3896 cartilaginem
395 3815 509 3875 costae
541 3813 575 3873 et
602 3829 661 3898 per
687 3801 876 3897 quidquam
907 3801 1054 3896 spatium
1075 3797 1309 3882 intercostale,
1337 3823 1356 3868 a
1383 3801 1499 3896 primo

126 3941 236 4012 usquc
256 3918 297 3988 ad
317 3921 492 4014 quintum,
522 3921 558 3990 in
585 3945 654 3990 uno
681 3917 872 4011 codemque
889 3926 923 3986 ct
940 3917 976 3986 in
994 3915 1138 3986 diversis
1157 3913 1383 3986 'cadaveribus
1399 3897 1517 4017 insti-J

125 4043 218 4103 tutas
236 4031 417 4128 effingunt,
445 4036 494 4104 sic
519 4037 675 4130 picturae
700 4034 848 4103 lineares
873 4033 1029 4102 fasciculi
1051 4033 1143 4102 tertii
1160 4053 1284 4101 cavum
1302 4029 1499 4103 abdominis

125 4172 186 4242 per
203 4172 323 4222 omncs
341 4151 562 4245 cartilagines
577 4161 764 4230 costarum,
785 4153 918 4220 oscsc'to
936 4169 1037 4240 usquc
1054 4148 1099 4217 ad
1113 4148 1284 4233 decimum,
1306 4154 1500 4220 transverse

125 4275 317 4356 persectnm
337 4264 553 4336 adumbrant.
1296 4271 1300 4280 '
1372 4257 1375 4266 ’

172 4467 289 4551 Quum
307 4490 390 4540 vero
408 4455 591 4540 interstitia
607 4469 854 4552 intercedatis,
875 4470 1002 4564 quibus
1020 4469 1085 4538 hac
1101 4466 1256 4561 quinque
1274 4445 1500 4568 cartilaginis

122 4581 367 4676 sejunguntur,
396 4584 580 4655 admodum
599 4593 744 4680 angusta
763 4587 845 4667 sint,
873 4587 946 4656 imo
968 4587 1071 4656 etiam
1093 4606 1198 4677 prope
1215 4565 1415 4675 processum
1433 4592 1521 4683 rip-‘³

124 4695 311 4788 phoideurn
330 4702 435 4770 sterni
455 4701 562 4770 altera
581 4701 702 4770 harum
722 4701 966 4793 cartilaginum
986 4700 1083 4768 alteri
1103 4697 1302 4773 adhaereat,
1329 4696 1498 4770 sectiones
1515 4704 1520 4738 ²

123 4819 337 4883 transuersae
363 4815 453 4884 inira
479 4825 610 4886 costam
637 4827 766 4887 sextam
793 4841 927 4911 semper
948 4814 1050 4884 simul
1070 4836 1130 4908 per
1148 4813 1263 4906 plures
1276 4811 1522 4906 cartilagines¹

123 4935 158 4994 et
181 4951 242 5021 per
266 4927 368 5022 plura
392 4930 503 5024 spatia
529 4932 765 5003 intercostalia
782 4929 971 5010 ducunthr;
1005 4953 1112 5024 quum
1143 4951 1246 5024 porro
1276 4926 1522 5022 cartilagines-⁵

123 5051 295 5113 costarum
314 5047 425 5117 forma
444 5048 544 5119 valde
561 5057 703 5118 arcuata
719 5049 801 5134 sint,
829 5048 922 5116 linea
945 5067 1063 5118 secans
1080 5064 1165 5114 nero
1186 5049 1289 5120 recta,
1318 5063 1425 5134 parva
1441 5063 1497 5110 so·
1540 5078 1543 5094 ·

121 5153 300 5228 lummodo
318 5161 469 5255 cujusvis
487 5163 700 5258 cartilaginis
717 5161 915 5258 superficies
933 5161 969 5229 in
987 5183 1059 5230 nno
1076 5157 1399 5253 punctodividitur.
1425 5155 1495 5224 No-

121 5271 263 5344 tandum
281 5287 344 5362 est,
363 5279 401 5349 in
418 5280 580 5351 omnibns
599 5279 693 5350 hisce
712 5279 932 5350 sectionibus
944 5273 1179 5355 instituendis,
1201 5292 1418 5366 nossemper
1435 5272 1523 5342 la-··

229 5430 308 5484 Fue.
327 5434 354 5484 ³.
1372 5407 1386 5467 ¹
