3782 6008
200 779 495 868 obliquo-rsrdcelie
512 776 550 849 ad
569 780 633 873 l1s,
650 780 721 868 poll.
742 775 815 851 Per.
835 780 955 870 oscine
971 779 1120 850 antenore
1135 783 1291 870 miseriore
1306 781 1370 868 ilet,
1388 783 1517 876 erpino

198 895 295 984 ipsios
312 895 438 965 iniarlur
453 893 491 965 ed
510 891 575 980 ΡΙ,
591 895 661 984 poll.
683 891 757 964 Par.
773 895 1056 983 etoberculcpubie
1071 895 1172 968 distet.
1193 893 1280 968 llnno
1296 899 1436 988 operandi
1453 918 1519 967 mo-

197 1011 268 1081 durn
285 1011 422 1080 methodo
441 1008 646 1095 Abernetbrei
674 1007 739 1101 (qui
756 1010 932 1080 incisionem
949 1009 1104 1080 directioni
1122 1013 1251 1081 arteriae
1266 1013 1330 1086 iere
1344 1013 1518 1101 parallelum

195 1125 384 1217 instituebat)
402 1127 552 1216 praeiere,
582 1127 693 1195 etenim
721 1127 926 1215 paritonoecm
951 1145 1042 1214 propo
1056 1127 1172 1215 spinam
1188 1128 1366 1200 enumerem
1382 1131 1517 1218 superio·

195 1257 261 1309 rem
278 1243 357 1310 ossis
373 1239 424 1311 ilci
441 1259 559 1328 semper
576 1241 693 1310 lucilius
711 1241 886 1326 denudatur,
909 1251 940 1311 et
956 1261 973 1310 a
990 1243 1126 1330 partibus
1141 1243 1248 1312 ricinis
1263 1235 1442 1336 sejungitur.

244 1469 439 1562 Sagmeutom
457 1473 598 1542 sectionis
615 1473 769 1542 sinistrum
798 1475 862 1542 sira
890 1474 1052 1544 internum.
1071 1507 1121 1526 -
1137 1473 1180 1544 Δ.
1200 1469 1243 1542 Oe
1261 1473 1311 1543 ilai
1326 1491 1382 1562 uer
1394 1473 1516 1544 lundam

195 1585 343 1658 acetabuli
360 1597 389 1657 et
405 1607 459 1677 per
476 1589 612 1664 cristam,
632 1587 669 1656 ad
688 1587 754 1673 3¹l‘,
770 1587 841 1674 oott.
873 1585 947 1658 Pur.
975 1606 1066 1678 supro
1086 1590 1203 1678 spinam
1230 1589 1411 1659 anteriorem
1427 1609 1516 1678 supe·

195 1706 319 1786 riorum,
340 1704 458 1792 oblique
474 1713 656 1792 persectum.
675 1739 724 1758 ·-
736 1701 779 1772 B.
799 1699 843 1772 Os
862 1701 948 1772 iscbii
965 1723 1058 1792 propo
1074 1701 1233 1772 transitum
1249 1703 1453 1774 tuberositatie
1471 1707 1514 1795 ip·

194 1819 259 1886 eius
288 1819 319 1887 in
346 1837 464 1887 ramum
495 1819 704 1887 ascendentem
732 1827 915 1907 parsectnm.
934 1855 985 1870 —
1002 1817 1041 1888 0.
1074 1816 1279 1910 integumenta
1299 1820 1469 1890 eommunia
1485 1828 1516 1888 et

192 1935 369 2022 panniculus
385 1934 537 2022 adiposus.
556 1971 607 1988 -
623 1932 670 2004 b.
703 1932 810 2004 Fascis
838 1933 1034 2022 superficialis
1062 1942 1094 2004 et
1122 1933 1314 2022 aponcurcsis
1330 1954 1374 2003 m.
1392 1931 1515 2025 Obliqoi

193 2048 358 2118 abdominis
375 2051 502 2120 externi.
517 2087 568 2103 -
580 2047 626 2119 D'
649 2051 779 2142 (signum
795 2045 803 2078 ’
822 2051 966 2118 omissum
983 2047 1058 2142 est).
1077 2045 1154 2118 Pars
1170 2048 1349 2118 muscularis
1366 2067 1409 2118 nn.
1427 2046 1514 2119 Obli-

193 2165 245 2252 qoi
262 2164 427 2234 abdominis
443 2165 569 2234 externi.
588 2201 638 2216 -
654 2165 701 2234 E.
732 2163 781 2234 bl.
801 2161 948 2253 Obliquus
964 2163 1132 2232 abdominis
1152 2165 1286 2232 internus
1302 2163 1340 2232 ud
1359 2161 1424 2247 ΡΙ,
1439 2165 1511 2254 poll.

193 2275 265 2349 Par.
285 2289 367 2349 entra
384 2289 497 2368 partem
529 2281 769 2369 apononroticem
800 2282 893 2369 ipsius
920 2289 1089 2369 porseetus.
1108 2277 1219 2348 -1ῖ,
1241 2277 1290 2352 Μ.
1310 2277 1514 2351 Transrersue

192 2393 359 2464 abdominis
389 2393 426 2464 ad
457 2397 472 2464 l
506 2395 578 2484 poll.
611 2393 683 2464 Par.
715 2403 798 2464 extra
816 2395 1055 2484 aoonaorotieam
1073 2395 1167 2483 ipsius
1184 2395 1347 2482 portionem
1362 2397 1510 2484 perclsus.

191 2509 319 2579 lelerius
352 2528 423 2580 roro
453 2508 599 2600 (tunicato
629 2511 807 2599 spermetico
833 2509 968 2602 propius)
998 2512 1076 2579 inter
1094 2510 1208 2579 litterae
1224 2507 1272 2596 D,
1292 2518 1361 2579 oet
1376 2531 1423 2582 cc.
1442 2531 1512 2600 pars

190 2624 371 2694 muscularis
398 2623 520 2715 Obliqui
550 2626 659 2694 interni
677 2625 713 2694 ad
730 2626 752 2697 8
771 2635 801 2694 et
818 2624 996 2694 Transversi
1025 2625 1189 2693 abdominis
1213 2625 1250 2694 ed
1268 2624 1287 2695 ll
1306 2625 1361 2695 lin.
1381 2625 1453 2698 Per.
1474 2627 1512 2697 ab

190 2744 369 2828 epooemosi
386 2741 516 2830 ipsorum
535 2749 671 2829 persocia
688 2742 834 2810 cernitur.
866 2739 967 2810 Suriae
991 2739 1078 2808 albae
1092 2739 1228 2808 lamellas
1244 2740 1512 2813 cellnlosobbrosee

190 2855 456 2926 intermoseolsras
483 2876 553 2926 cum
582 2857 677 2925 ramis
707 2855 926 2925 muscularibos
956 2859 1085 2924 arteriae
1113 2851 1324 2924 circumflexos
1354 2856 1405 2926 ilei
1434 2859 1509 2928 iudi·

189 2980 269 3041 cent.
288 3007 339 3024 -
355 2971 389 3042 D
407 2971 456 3042 D.
486 2969 595 3062 Margo
625 2969 747 3040 interior
777 2989 851 3038 mm.
879 2966 1001 3058 Obliqui
1018 2971 1126 3038 interni
1143 2977 1173 3038 et
1188 2966 1366 3040 Transversi
1381 2971 1512 3042 iuniculo

189 3089 370 3176 spermatico
397 3087 600 3182 suprapositus
617 3095 648 3155 ot
663 3085 747 3153 libris
764 3104 809 3153 m.
836 3082 1035 3153 Cremasteris
1064 3085 1211 3175 originem
1239 3084 1385 3172 praebens
1403 3084 1467 3175 (lei,
1493 3108 1512 3157 s

188 3210 274 3291 parto
290 3205 499 3292 aponeurotice
516 3223 558 3272 rn.
578 3199 757 3270 Trsnsrarei
773 3199 810 3268 ed
826 3200 849 3268 9
867 3201 921 3270 lin.
943 3199 1016 3269 Par.
1035 3207 1203 3288 peremtus.
1218 3235 1268 3256 -·
1281 3199 1322 3270 G.
1338 3199 1387 3272 bl.
1401 3200 1511 3272 llr'acus

190 3317 326 3386 internos
342 3327 372 3388 at
387 3315 546 3386 romoliae
563 3317 656 3386 librae
685 3315 812 3384 musculi
831 3324 861 3384 et
876 3315 1006 3384 tenditis
1034 3311 1152 3383 Penatis
1168 3312 1290 3403 majoris
1306 3313 1426 3406 obliqua
1441 3337 1509 3406 oer-

189 3434 277 3502 secti.
295 3468 344 3485 -
361 3431 404 3502 ll.
425 3431 474 3502 bt.
493 3429 639 3501 Gluteeus
655 3431 785 3499 medius.
804 3467 855 3483 -
873 3429 902 3499 l.
923 3429 973 3500 bl.
990 3428 1135 3500 Glntaeus
1151 3431 1312 3500 maximus.
1329 3465 1379 3482 -··
1394 3431 1438 3502 il.
1458 3432 1508 3505 bl.

188 3543 361 3616 Pectineus.
375 3583 425 3600 -
438 3547 476 3618 L.
497 3545 617 3616 Initium
635 3546 763 3615 musculi
780 3541 967 3615 Obtoratorii
995 3545 1110 3614 externi
1123 3553 1153 3613 et
1164 3541 1370 3616 Adductorum
1386 3545 1510 3616 lemoris

193 3661 286 3754 (longi
315 3673 347 3733 et
375 3661 506 3748 breuis).
525 3699 572 3713 -
590 3681 624 3730 u.
645 3683 680 3729 o.
700 3681 734 3729 c.
766 3657 874 3730 lasela
906 3669 1090 3738 desereres,
1121 3678 1198 3749 qnae
1215 3659 1296 3728 cirea
1313 3659 1348 3730 t.
1367 3664 1511 3752 perietem

186 3777 383 3865 posteriorem
400 3776 513 3846 canulis
542 3775 703 3867 inguinalis
729 3777 894 3844 coustituit.
913 3811 963 3828 -
979 3775 1012 3844 b.
1031 3771 1143 3844 Testes
1159 3775 1465 3866 mllnloso-adiposus
1481 3787 1511 3848 et

188 3892 280 3961 lescle
298 3893 417 3984 propria
434 3891 538 3982 parieti
554 3891 713 3980 posteriori
730 3891 862 3961 intestini
893 3892 976 3960 caeci
1009 3887 1069 3981 (m)
1100 3900 1130 3960 et
1145 3891 1257 3960 lasciue
1274 3891 1379 3960 lliecee
1396 3887 1442 3981 (c.
1460 3891 1509 3986 c.)

187 4008 371 4097 interpositu.
391 4043 439 4062 -
457 4028 486 4076 o.
507 4027 537 4078 c.
558 4003 666 4076 Fascia
686 4007 788 4092 iliaoe,
822 4025 899 4095 quae
925 4025 994 4075 cum
1020 4004 1055 4078 d.
1076 4005 1110 4074 d.
1129 4005 1236 4098 ragina
1253 4024 1392 4076 rasorum
1406 4006 1509 4076 iliaco·

186 4141 255 4192 rum
272 4133 462 4194 externorum
478 4131 614 4193 contexte
632 4134 792 4194 est-cc.
809 4145 857 4191 cc·
873 4143 926 4192 oc.
943 4121 1058 4192 Saccus
1074 4123 1250 4212 peritonaei.
1265 4121 1299 4190 ln
1312 4122 1397 4192 icone
1409 4132 1510 4194 nostre

186 4237 333 4330 duplicem
362 4238 551 4310 inflexionem
567 4239 730 4327 peritonaai
750 4240 963 4326 conspicimus:
983 4259 1085 4306 coum
1109 4257 1199 4326 snpra
1224 4239 1365 4306 arteriam
1390 4237 1509 4308 iliacam

186 4363 350 4440 externam,
376 4355 429 4424 ubi
441 4355 536 4443 portio
548 4355 681 4424 anterior
697 4355 759 4423 siue
776 4353 972 4423 abdominalis
989 4353 1076 4442 hujus
1093 4353 1282 4422 membranae
1299 4354 1329 4421 in
1346 4354 1509 4443 portionem

184 4471 379 4558 postcrimem
396 4473 460 4540 siue
472 4469 633 4540 lumbuiem
651 4469 824 4554 reuolritnr3
851 4471 882 4538 in
900 4469 956 4538 bic
973 4468 1132 4540 inflexione
1148 4471 1235 4558 (quea
1248 4469 1414 4560 marginem
1433 4471 1511 4538 inle-

183 4587 295 4656 riorem
313 4587 392 4656 sacci
409 4587 619 4676 peritoneeelis
649 4587 812 4673 constituit)
845 4588 1020 4656 exsulatum
1043 4603 1166 4673 parrum
1183 4601 1318 4652 aerosum
1334 4603 1371 4656 α.
1392 4593 1423 4654 et
1437 4605 1510 4654 aurea

185 4701 315 4771 intestini
332 4705 430 4774 tenuis
445 4704 645 4786 continentum
667 4703 805 4771 niteram
818 4721 908 4791 supra
922 4703 1067 4790 cometem
1081 4701 1262 4770 enmricram
1279 4701 1411 4769 intestini
1428 4701 1510 4770 cneci

187 4819 244 4903 (m)
264 4819 353 4887 eitam
370 4828 400 4888 at
416 4819 546 4907 perlecto
563 4837 701 4904 raonem,
733 4819 775 4888 ite
805 4827 838 4888 ut
865 4820 965 4908 peries
993 4819 1043 4888 hie
1071 4817 1203 4888 intestini
1219 4815 1347 4887 laminae
1375 4816 1509 4906 perietali

185 4935 349 5023 oemmnaei
386 4935 474 5023 olane
503 4936 661 5026 contiguos
687 4935 739 5002 sit.
773 4933 901 5024 ideoque
929 4936 1061 5004 sectione
1084 4933 1134 5003 bic
1149 4933 1323 5003 adumbrati
1341 4931 1464 5000 interior
1480 4939 1511 5000 et

186 5057 328 5119 externus
345 5069 450 5142 margo
467 5051 548 5119 sacci
565 5051 743 5139 peritonaei,
763 5051 906 5138 inspmm
924 5045 990 5134 3¹l,
1006 5051 1077 5138 poll.
1098 5051 1199 5141 longo,
1226 5059 1347 5138 aponus
1362 5055 1394 5116 et
1409 5064 1509 5116 remo·

181 5175 230 5236 tua
245 5173 308 5236 eet.
326 5201 375 5220 -
394 5185 422 5234 e.
442 5163 566 5256 Septum
584 5165 873 5236 ilbrosocalloloeum
892 5165 1018 5256 rugime
1032 5183 1186 5248 cesorum,
1218 5162 1361 5232 ortariam
1391 5161 1510 5230 iliacam

181 5291 332 5351 crusnam
352 5280 398 5370 (f)
416 5301 434 5350 e
451 5302 524 5352 rena
554 5283 725 5374 cognomini
748 5281 796 5374 (9)
817 5301 975 5372 separans.
992 5319 1042 5336 -
1058 5283 1085 5373 f.
1120 5282 1243 5352 Arteria
1261 5279 1348 5348 iliaca
1365 5287 1501 5356 esterna,
