3736 6008
676 517 950 596 ‘add-

235 826 271 901 5.
304 823 410 910 Quoad
439 829 575 920 raginam
605 828 847 916 sponsoroticom
881 843 923 896 m.
944 821 1032 898 flecti
1062 816 1252 910 abdominis,
1282 819 1399 897 diusrst
1431 829 1511 918 pari·

182 952 269 1015 etum
286 945 381 1034 ipsius
395 945 562 1034 dispositio,
586 951 673 1034 prout
685 941 724 1010 ad
741 939 808 1032 2¹),
826 942 897 1032 poli.
916 933 990 1012 Par.
1010 941 1086 1010 inira
1103 942 1291 1027 umbilicum,
1314 941 1359 1011 rei
1376 955 1430 1031 pen
1445 965 1513 1012 nm-

181 1059 322 1141 bilicum,
342 1056 388 1128 tei
406 1062 524 1129 demum
541 1079 632 1148 supra
661 1059 740 1127 bunc
757 1065 928 1128 transversa
944 1065 1132 1147 persecutor,
1152 1057 1183 1125 in
1200 1058 1382 1126 sectionibus
1413 1069 1511 1129 traus-

182 1177 285 1246 nersis
315 1176 396 1245 clano
424 1177 454 1245 in
471 1185 663 1264 conspectum
679 1175 772 1244 uenit.
806 1171 840 1244 in
857 1174 1039 1242 sectionibus
1069 1173 1250 1241 transvorsis
1267 1187 1320 1260 per
1337 1173 1512 1242 umbilicum

183 1301 216 1360 et
233 1293 271 1360 ad
288 1287 444 1360 nonnoiias
462 1289 556 1360 tineas
585 1289 658 1359 Por.
692 1285 770 1358 inira
800 1290 898 1378 ipsum
926 1289 1023 1358 doctis
1054 1282 1383 1382 (tenetote.)
1413 1291 1514 1378 paries

182 1407 320 1476 anterior
348 1405 475 1496 saginae
503 1405 631 1475 iibrosne
663 1425 706 1472 nn.
727 1401 815 1472 iieeti
848 1403 1034 1490 abdominis,
1063 1411 1096 1471 ot
1125 1411 1226 1470 uotum
1258 1410 1316 1490 est,
1347 1423 1511 1493 aponeuro·

183 1522 212 1590 si
231 1541 276 1590 m.
297 1519 423 1610 Obiiqni
440 1522 554 1590 externi
572 1528 602 1588 et
617 1539 676 1588 ono
689 1513 800 1587 lamina
829 1520 922 1605 partis
939 1519 1094 1587 tendineas
1110 1538 1153 1588 m.
1173 1513 1297 1608 Obiiqni
1328 1515 1436 1589 interni
1469 1521 1514 1614 (in

183 1636 264 1707 duas
290 1631 416 1704 laminas
445 1632 573 1729 scissae)
604 1636 682 1703 iuter
705 1653 740 1704 se
758 1636 917 1720 contextis,
946 1634 1048 1724 parias
1065 1641 1166 1703 autem
1194 1629 1341 1724 posterior
1358 1637 1451 1706 attona
1468 1638 1512 1706 ia-

184 1753 271 1820 mina
304 1751 496 1840 apuneuros'ns
530 1769 573 1821 m.
599 1745 722 1838 Obtiqoi
752 1749 861 1818 interni
893 1757 924 1818 et
960 1749 1138 1838 aponeurosi
1170 1769 1214 1818 nn.
1240 1743 1418 1821 Transversi
1451 1752 1515 1822 ab·

184 1865 344 1950 dominis,
373 1868 463 1935 etiam
488 1868 566 1934 inter
593 1885 627 1935 se
666 1865 837 1950 contextis,
881 1863 1082 1934 constituitur.
1136 1861 1169 1934 ln
1212 1867 1396 1935 sectionibus
1442 1886 1514 1937 raro

185 1983 370 2051 transuersis
388 1982 425 2050 ad
444 1976 510 2078 ty,
528 1981 598 2070 poil.
624 1977 698 2050 Par.
730 1978 807 2048 inira
837 1977 1011 2048 umbilicum
1031 1980 1141 2060 ductis,
1173 1979 1253 2049 iinon
1282 2001 1389 2050 secans
1418 1982 1515 2052 tineae

188 2093 412 2166 semicirculari
429 2089 604 2188 Dougtassii
625 2093 797 2183 respondet,
830 2093 890 2162 inno
924 2094 1000 2163 inira
1019 2096 1114 2183 ipsam
1146 2095 1277 2164 docitur.
1309 2093 1403 2165 Linea
1431 2099 1513 2166 scili·

187 2219 241 2280 cet
256 2209 331 2280 hacc
347 2213 583 2281 semicircularis
600 2209 774 2302 Douglassii
799 2209 841 2278 nii
871 2209 951 2278 aliud
967 2218 1025 2296 osi,
1056 2211 1116 2278 nisi
1135 2209 1269 2278 intimum
1285 2209 1444 2279 confinium
1461 2233 1513 2299 pa·

188 2327 279 2395 rictis
323 2328 498 2415 posterioris
544 2328 682 2418 uaginae.
723 2347 766 2396 m.
794 2321 908 2410 Booti,
953 2341 1029 2414 qnae
1069 2327 1247 2416 aponeurosi
1288 2345 1363 2396 mm.
1391 2323 1514 2416 Obliqui

188 2441 302 2510 interni
318 2451 347 2509 et
364 2435 541 2510 Transversi
560 2442 733 2516 constituta.
760 2440 816 2507 sub
833 2439 928 2509 forma
946 2440 1041 2528 plicae
1059 2443 1288 2528 aponcuroticas
1305 2442 1511 2527 semimaris,

190 2555 242 2624 hic
258 2555 376 2626 desinit.
398 2554 530 2645 Utraque
548 2555 623 2624 haec
640 2554 848 2640 aponeunosis,
881 2554 959 2623 inira
976 2555 1087 2624 lineam
1114 2553 1299 2646 DongIassii
1334 2554 1515 2626 solidissime

191 2681 340 2756 contestu,
377 2671 553 2762 apnnenrosi
571 2691 613 2738 m.
632 2665 754 2757 Obliqui
771 2669 886 2736 externi
907 2669 970 2757 jam
995 2671 1123 2739 nectitur
1148 2679 1262 2740 etcum
1281 2673 1345 2760 ipsa
1370 2673 1515 2759 parietem

192 2789 374 2856 anteriorem
393 2789 489 2856 sotum
505 2787 632 2878 anginae
668 2783 796 2852 musonii
812 2779 900 2852 Raeti
917 2781 1048 2854 iormane
1070 2785 1187 2873 adjurat
1206 2783 1295 2876 (Tub.
1325 2786 1383 2856 ib.
1402 2785 1457 2878 fig.
1476 2786 1512 2856 2.

193 2909 226 2970 et
240 2900 318 2972 Tab.
340 2904 430 2991 ta).
458 2902 553 2994 igitur
570 2902 647 2970 inira
664 2901 774 2969 lineam
790 2899 1048 2968 semicircularem
1066 2897 1252 2991 DougIassii‚
1272 2921 1367 2989 usquo
1383 2902 1421 2970 ad
1432 2921 1513 2988 spm·

194 3015 300 3104 physin
313 3018 412 3106 pubis,
429 3017 522 3086 tuscia
536 3024 706 3086 transversa
719 3016 858 3084 duntaxat
870 3015 1015 3103 parietem
1028 3016 1223 3104 posteriorem
1236 3018 1363 3107 uaginae
1375 3037 1417 3085 m.
1426 3015 1516 3086 Raeti

193 3129 361 3202 abdominis
381 3131 527 3201 inlocum
544 3131 741 3220 aponenrosis
754 3148 831 3198 mon.
849 3125 972 3218 Obliqui
988 3129 1097 3200 interni
1113 3139 1143 3201 et
1157 3129 1336 3202 Transversi
1353 3129 1476 3200 sedicit.
