3666 6002
417 791 543 852 seetom.
559 817 607 831 —
622 772 678 846 dl'.
699 769 857 869 (signum’
875 775 906 843 in
918 775 1003 843 ioone
1019 775 1192 864 omissum).
1211 773 1259 848 M.
1280 773 1483 846 Transierant
1499 775 1723 849 abdominis.-

419 897 448 968 1.
471 897 503 967 1.
524 893 571 967 M.
590 891 737 984 Obliquus
757 889 889 960 internus
906 890 1072 960 abdominis
1090 889 1254 982 (portiones
1271 893 1366 981 ipsios
1384 891 1582 962 abdominalis
1594 903 1624 964 et
1635 895 1726 966 dorna·

417 1013 482 1098 lis).
503 1049 552 1062 —
569 1011 612 1081 ll.
633 1005 681 1078 M.
701 1005 847 1096 Obliquus
865 1016 1005 1076 externus
1024 1007 1208 1076 abdominis.
1229 1005 1329 1077 Striae
1346 1007 1431 1076 albae
1449 1011 1593 1079 mussulis
1609 1010 1653 1078 bis
1668 1032 1729 1102 per·

416 1130 506 1197 sentis
536 1125 727 1216 interpositae
756 1132 848 1191 strata
880 1123 1022 1192 oellolosa
1051 1123 1310 1192 intermusoolaria
1340 1123 1483 1194 indieant.
1502 1163 1551 1176 —
1570 1123 1607 1194 t.
1637 1121 1729 1195 Portio

416 1244 545 1311 dorsalis
561 1263 603 1310 m.
623 1239 800 1310 Transversi
819 1239 1000 1308 abdominis.
1017 1277 1064 1291 —
1078 1239 1126 1308 M.
1162 1237 1204 1308 M.
1220 1237 1401 1308 Latissimus
1418 1240 1512 1308 dorsi.
1528 1278 1576 1291 -
1594 1237 1643 1308 tt’
1661 1243 1727 1333 (sig-

413 1380 484 1428 uum
499 1357 508 1387 '
522 1379 575 1448 per
591 1378 725 1427 errorem
743 1357 886 1424 omissum
905 1353 978 1444 est).
999 1352 1046 1425 M.
1069 1354 1177 1424 lliaeos
1195 1355 1438 1448 internus-N.
1460 1353 1506 1425 M.
1526 1351 1667 1424 Seruatus
1683 1376 1726 1444 po·

415 1476 508 1543 stious
538 1473 670 1542 interior.
692 1511 740 1525 -
759 1470 801 1540 0.
834 1469 913 1541 Mm.
935 1472 1152 1540 intereostales.
1175 1509 1222 1522 -
1240 1493 1272 1539 o.
1294 1469 1398 1541 lnfima
1427 1489 1497 1561 pars
1520 1471 1603 1541 saooi
1618 1469 1728 1560 pleuros

415 1591 548 1658 dextrae.
566 1625 615 1641 -
633 1587 665 1656 d.
684 1586 717 1655 d.
739 1587 769 1656 d.
793 1587 1011 1678 Diapbragma.
1031 1623 1078 1636 -
1097 1607 1126 1654 o.
1148 1607 1176 1652 ο.
1198 1607 1227 1654 ο.
1248 1583 1373 1654 Lamina
1389 1587 1553 1673 noritonam
1570 1585 1724 1676 parietalis.

414 1702 495 1772 stria
514 1705 580 1773 alba
598 1702 727 1771 laminae
743 1702 830 1792 hujus
855 1701 1017 1790 peritonaai
1035 1710 1065 1769 et
1081 1721 1123 1770 m.
1143 1697 1314 1770 Tranrerso
1343 1700 1506 1769 abdominis
1525 1697 1587 1793 (H)
1607 1701 1728 1790 interpo-

415 1823 485 1902 sita,
504 1821 629 1890 fasciam
646 1830 848 1889 transuersam
866 1821 995 1888 denotat.
1015 1855 1059 1868 -
1081 1816 1134 1888 e”.
1156 1816 1210 1888 0¹².
1243 1817 1422 1889 lodexiones
1438 1817 1582 1907 portionis
1598 1815 1728 1885 lumbulis

413 1937 588 2024 peritonaai¹
608 1956 683 2027 quae
701 1936 737 2005 ad
755 1935 940 2004 formandum
973 1954 1179 2004 mesoeoeeum
1199 1936 1376 2004 inserviunt.
1397 1971 1444 1986 -
1462 1931 1496 2002 d.
1516 1930 1640 2004 lndaxio
1656 1933 1726 2021 peri·

414 2053 511 2120 tonaei
527 2052 565 2119 ad
576 2053 769 2142 ligamentum
788 2049 1013 2138 suspensorium
1026 2049 1141 2138 hepatis
1155 2035 1342 2119 formandum
1360 2043 1642 2118 insemiens.-e'.
1658 2043 1726 2138 (sig-

413 2185 483 2236 num
498 2164 508 2195 '
526 2167 556 2236 in
573 2168 659 2236 icone
674 2187 732 2235 non
749 2166 824 2234 bene
842 2167 1047 2254 expressum).
1079 2162 1181 2234 Lobos
1199 2165 1301 2234 dexter
1330 2163 1444 2253 hepatis
1466 2164 1504 2232 ad
1520 2163 1564 2233 bl
1586 2163 1641 2232 lin.
1659 2161 1724 2232 Par.

412 2283 450 2350 ad
466 2282 599 2352 dextram
616 2283 769 2374 ligamenti
798 2283 982 2369 suspensorii
1012 2290 1178 2370 perseetus.
1198 2316 1247 2333 -
1262 2279 1289 2372 s.
1322 2277 1496 2350 Frustulum
1517 2278 1601 2348 iundi
1618 2279 1727 2348 tesiam

413 2398 531 2468 delleae.
551 2436 598 2450 -
615 2419 649 2488 p.
681 2396 788 2467 Parias
806 2397 928 2464 sinister
945 2407 975 2464 et
992 2395 1025 2464 lt.
1045 2394 1141 2466 Cerea
1159 2397 1216 2464 ooli
1239 2397 1417 2464 transversi.
1434 2431 1483 2452 ··-
1499 2393 1525 2463 i.
1545 2392 1726 2465 lutroitusin

410 2531 515 2580 aarum
532 2513 590 2581 ooli
608 2509 900 2582 ascendentis-d.
920 2509 1026 2580 Parios
1044 2514 1167 2580 sinister
1185 2512 1317 2580 intestini
1338 2511 1484 2580 eueni-
1499 2508 1523 2579 l.
1544 2509 1685 2579 lutroitus
1699 2508 1726 2574 in

412 2645 518 2696 earum
531 2627 662 2696 intestini
676 2625 865 2708 ilei,valuola
879 2626 1048 2696 tteoooeooti
1062 2628 1403 2696 circumcinetus-m.
1419 2624 1560 2696 lutroitus
1572 2627 1603 2696 in
1615 2645 1726 2694 oaueam

413 2762 571 2831 proeessus
588 2741 864 2812 omniformis-
878 2762 913 2808 a.
929 2763 965 2810 o.
985 2738 1090 2812 Ansae
1108 2743 1315 2812 intestinorum
1332 2743 1478 2811 tenuium.
1493 2779 1542 2792 —
1553 2757 1593 2812 α.
1612 2737 1725 2810 Adden-

412 2859 514 2926 sinnas
530 2855 699 2945 superficiei
717 2876 864 2926 nonrexae
882 2856 996 2944 nepotis
1014 2856 1050 2926 ad
1068 2856 1272 2948 diaphragma.
1291 2893 1341 2910 -
1356 2859 1395 2944 β.
1413 2853 1577 2927 Omentum
1595 2857 1700 2946 majus.

408 3050 529 3123 Tam.
550 3053 628 3122 fl.
646 3047 730 3120 Duas
747 3051 895 3120 seotioues
912 3049 1046 3140 obliquas
1064 3049 1156 3140 peluis
1173 3051 1211 3120 ad
1226 3051 1393 3121 oinetnram
1411 3053 1540 3122 arteriae
1555 3053 1664 3123 iliaoae
1677 3071 1723 3122 ex·

360 3193 463 3254 ternae
480 3184 685 3255 illustrandam
703 3192 921 3273 repraesentat.

457 3367 524 3439 Una
541 3371 647 3440 barum
662 3371 827 3440 sectionum
847 3370 914 3462 (dg.
935 3370 971 3464 d)
990 3371 1153 3438 direetione
1167 3370 1330 3462 ligamento
1346 3369 1500 3460 Poupartii
1521 3371 1586 3443 lere
1601 3371 1723 3462 perferte

408 3501 551 3589 panattata
568 3504 654 3572 dueta
672 3512 730 3588 est;
763 3504 856 3573 altera
874 3523 944 3573 uero
963 3504 1155 3595 ligamentum
1174 3505 1230 3573 boe
1246 3507 1276 3573 in
1295 3505 1435 3576 distantia
1455 3503 1468 3572 l
1492 3505 1565 3593 poll.
1587 3517 1618 3574 et
1634 3505 1655 3574 4
1671 3504 1720 3572 Ιίο.

408 3631 482 3702 Par.
502 3653 519 3703 a
536 3634 690 3705 tobereulo
707 3636 794 3724 pubis
810 3635 867 3705 sub
884 3636 993 3728 angulo
1011 3643 1097 3704 anuto
1114 3635 1264 3708 deeussat.
1383 3659 1386 3666 ⁴

362 3841 441 3936 Fig.
465 3845 497 3914 l.
517 3845 618 3916 Sestio
634 3846 751 3938 obliqua
768 3847 874 3937 peluis,
905 3867 982 3937 quae
1009 3848 1204 3939 ligamentum
1221 3846 1374 3938 Ponpartii
1395 3849 1529 3920 dextrum
1545 3853 1603 3922 snb
1620 3851 1721 3943 eumin

408 3987 494 4047 neoto
510 3979 659 4048 deeussat.

455 4169 587 4242 Cadaver
604 4175 732 4244 bominis
749 4173 851 4244 adulti.
873 4172 1016 4244 lntastiua
1034 4195 1125 4244 raeoa
1138 4185 1170 4244 et
1182 4177 1323 4266 oollapsa.
1345 4176 1475 4248 Paruum
1490 4179 1662 4250 exsudatum
1675 4199 1717 4247 se·
1806 4125 1807 4205 l

409 4307 509 4354 rosum
527 4289 559 4356 in
575 4307 648 4356 earo
664 4291 844 4376 peritonaei.
1805 4375 1806 4396 p

455 4477 590 4568 Spatium
608 4483 686 4552 inter
702 4485 817 4574 spinam
834 4485 1015 4556 anteriorem
1032 4487 1216 4575 superiorem
1235 4487 1313 4556 ossis
1329 4487 1381 4556 idei
1398 4489 1492 4558 dextri
1506 4499 1537 4557 et
1548 4491 1717 4560 umbilienm

406 4595 446 4662 ita
464 4595 581 4686 oblique
596 4609 766 4690 perseotum
795 4608 854 4686 est,
886 4611 920 4668 ut
947 4601 1024 4671 linea
1054 4622 1160 4672 secans
1177 4603 1215 4670 ab
1232 4603 1373 4671 umbilieo
1395 4604 1431 4672 ad
1449 4604 1469 4676 3
1488 4604 1559 4694 poll.
1579 4613 1611 4675 et
1627 4605 1647 4676 3
1664 4603 1714 4672 lin.

405 4707 477 4778 Par.
498 4723 527 4782 et
544 4733 560 4780 a
578 4717 663 4802 spina
681 4717 830 4786 anteriora
842 4719 997 4804 superiore
1015 4719 1066 4786 ilei
1081 4719 1117 4786 ad
1134 4715 1198 4804 Ml,
1212 4717 1283 4808 poll.
1302 4715 1375 4787 Par.
1396 4719 1496 4788 distet.
1515 4717 1715 4812 ligamentum

404 4823 555 4916 Poopartii
574 4841 674 4899 antem
690 4830 777 4919 hujus
793 4833 895 4902 lateris
913 4835 1003 4904 etiam
1024 4833 1141 4921 oblique
1160 4833 1424 4921 subportare
1441 4833 1497 4904 lin.
1517 4833 1588 4905 Par.
1608 4835 1714 4924 aspim

403 4940 460 5012 bae
476 4953 507 5012 et
523 4945 559 5013 ad
579 4948 594 5017 t
615 4946 686 5034 poll.
707 4953 737 5015 et
753 4945 776 5013 d
794 4946 848 5016 lin.
867 4947 940 5018 Par.
961 4969 978 5016 a
996 4948 1148 5018 tuberoolo
1165 4949 1251 5038 pubis
1267 4958 1434 5037 perseetum
1452 4957 1510 5020 est.

449 5156 550 5225 Sentio
568 5158 640 5226 daeo
658 5119 756 5246 itaqlre
777 5158 970 5229 directionem
999 5157 1105 5252 plagae
1134 5161 1255 5246 indieat,
1277 5181 1366 5251 quam
1384 5162 1421 5231 ad
1437 5163 1595 5256 ligaturam
1612 5160 1711 5254 origini
1801 5219 1802 5266 p

400 5273 530 5340 arteriae
549 5271 652 5340 iliaoae
669 5281 807 5341 externae
823 5275 1026 5362 applicandam
1044 5273 1159 5367 indigo.
1194 5276 1335 5368 Angelus
1352 5276 1492 5365 superior
1508 5277 1596 5367 lrujes
1613 5277 1710 5370 plagae
1801 5333 1802 5336 ,
