3782 6008
703 563 941 633 ...31-

224 751 331 824 Seotiu
352 775 407 844 per
424 761 515 823 strata
532 751 715 820 muscularia
743 754 965 840 aponeorolioa,
993 751 1101 841 quibus
1126 751 1225 838 parles
1241 751 1408 819 abdominis
1425 765 1505 822 aute·

177 871 241 938 rior
259 878 292 938 et
310 870 435 938 inlerior
450 867 639 936 constituitur
657 866 711 934 bar.
728 868 841 934 rationo
854 866 952 934 duola:
973 873 1072 954 pamas
1089 865 1275 934 musoulares
1288 885 1361 934 mur.
1382 864 1505 958 Obliqui

178 985 348 1054 abdominis
365 985 493 1060 externi,
514 983 622 1050 interni
640 991 670 1048 el
686 979 863 1050 Transversi
878 983 913 1048 ad
930 989 970 1074 Ιχ,
987 981 1058 1069 poll.
1078 978 1168 1056 Pam,
1185 1000 1273 1068 supra
1292 981 1407 1069 spinum
1421 995 1505 1051 ante·

176 1233 269 1302 parua
301 1215 484 1282 solummodo
514 1213 659 1301 particula
690 1213 831 1299 portionis
862 1213 1041 1280 musoularis
1059 1209 1180 1300 Obliqui
1197 1213 1312 1279 externi
1330 1222 1360 1280 et
1376 1215 1504 1283 maxima

175 1349 247 1417 pars
265 1332 461 1419 aponeurosis
478 1348 532 1416 per
549 1347 619 1396 orus
634 1329 781 1395 internum
800 1328 899 1394 annuli
927 1325 1071 1417 inguinali
1088 1327 1202 1395 externi
1218 1334 1355 1414 perseoto
1386 1330 1502 1415 anaspi-

175 1445 268 1527 oltur;
297 1465 341 1512 m.
361 1463 432 1511 vero
448 1441 596 1530 Obliquus
617 1444 750 1510 internos
770 1461 858 1529 supra
876 1452 906 1509 et
922 1443 959 1509 ad
976 1442 1128 1508 sinistram
1154 1443 1345 1528 aponuurosis
1363 1444 1456 1530 ipsius
1473 1448 1502 1514 in

175 1557 254 1643 loon,
275 1560 328 1626 ubi
341 1558 490 1626 lunioolus
508 1558 706 1644 spermatious
720 1556 775 1624 sub
790 1559 926 1646 margine
940 1555 1033 1645 ipsius
1052 1555 1193 1623 inlerlore
1208 1555 1340 1624 daourrit
1352 1557 1392 1626 ila
1404 1566 1499 1626 lrons·

176 1683 280 1743 sentus
298 1683 357 1757 est,
375 1682 408 1741 ut
424 1675 582 1760 praecipue
599 1671 779 1739 musoularis
797 1673 892 1759 ipsius
909 1690 979 1759 pars
996 1689 1065 1738 oum
1082 1689 1171 1758 parua
1188 1671 1333 1759 partioula
1364 1671 1502 1741 insertio?

174 1789 221 1856 nis
239 1790 471 1877 aponeorolioae
489 1789 520 1854 in
538 1807 571 1854 os
588 1787 674 1874 pubis
693 1787 724 1854 iu
742 1797 931 1875 oonspoetum
949 1785 1079 1867 ueniant;
1100 1786 1176 1872 qnod
1193 1786 1318 1875 denique
1334 1787 1500 1856 musoulnm

172 1901 394 1973 Transversuro
425 1903 589 1971 abdominis
621 1899 672 1991 (ol)
692 1901 807 1985 attinet,
839 1901 932 1969 seotio
960 1919 1012 1988 per
1035 1910 1148 1988 partem
1178 1904 1271 1990 ipsios
1300 1903 1500 1974 mosoularom

174 2037 269 2107 aeque
299 2039 336 2087 ae
353 2018 607 2107 aponourolioam,
629 2021 720 2105 (quae
736 2017 773 2084 od
794 2017 858 2101 l's,
874 2015 946 2104 poll.
968 2013 1040 2084 Par.
1060 2016 1097 2083 ab
1114 2035 1183 2085 osse
1211 2017 1298 2104 pubis
1322 2017 1441 2110 distat),
1469 2021 1500 2086 iu

174 2134 239 2202 loeo
255 2135 310 2202 ubl
328 2135 439 2202 lasoiae
468 2142 657 2199 transversae
686 2139 769 2198 arete
794 2131 947 2206 adhaeret,
984 2140 1120 2218 utsupra
1149 2132 1289 2200 annulum
1318 2134 1498 2224 inguinalem

174 2249 326 2317 internum
357 2249 443 2316 dueta
461 2258 519 2315 est.
539 2245 610 2315 loon
626 2246 700 2314 bueo
717 2246 842 2334 ideoque
859 2247 896 2314 ad
914 2247 1118 2316 illustrandam
1149 2247 1315 2316 marbodum
1346 2252 1498 2318 uiuolorae

174 2366 306 2432 arteriae
334 2363 440 2431 iliacae
469 2370 608 2430 externae
637 2360 863 2430 usitatissimam
894 2359 996 2452 (plaga
1022 2361 1212 2432 horizontalis
1236 2361 1309 2432 adl
1331 2364 1403 2452 poll.
1422 2361 1495 2434 Par.

173 2497 262 2567 supra
281 2477 476 2570 ligamentum
493 2473 647 2564 Poupartil
663 2475 751 2544 duola
768 2475 912 2544 destinata
930 2485 989 2545 est.
1126 2513 1133 2536 .

218 2705 357 2776 Cadaver
383 2706 511 2774 bominis
537 2705 641 2774 adubi.
661 2701 735 2774 Post
753 2707 913 2772 sectionem
943 2706 1119 2774 institutam,
1134 2723 1225 2775 ausae
1254 2709 1496 2779 intestinorume

172 2841 243 2891 earo
272 2821 436 2911 peritonaei
464 2831 598 2890 remotae
615 2821 800 2910 mnsoolique
817 2823 904 2909 paulo
921 2825 1047 2911 sejuncti
1064 2831 1133 2890 sunt
1148 2833 1182 2890 ut
1194 2823 1300 2892 melius
1317 2825 1493 2913 profundum

171 2945 201 3006 et
216 2939 348 3007 ambitos
366 2935 448 3006 saoei
465 2937 630 3025 peritonaei
642 2937 674 3004 in
690 2937 754 3004 loeo
768 2947 903 3025 perseoto
920 2957 957 3005 aa
970 2941 1068 3006 omnia
1086 2947 1191 3022 strala,
1207 2959 1283 3026 quae
1299 2938 1337 3006 ad
1354 2940 1493 3009 arteriam

171 3053 290 3122 iliaoam
308 3062 458 3121 externam
476 3051 663 3142 deligendam
681 3051 863 3135 inoidonlur,
885 3059 953 3120 ante
965 3052 1068 3125 oeulos
1081 3063 1310 3142 exponerentur.
1331 3053 1493 3124 luterstitia

170 3170 246 3239 inter
263 3178 358 3238 strata
375 3169 555 3239 musoolaria
572 3168 659 3257 paulo
676 3167 799 3236 dimota.

168 3515 252 3582 aistri
286 3515 323 3582 ad
342 3513 385 3584 17
404 3515 459 3582 lin.
488 3511 560 3582 Par.
588 3503 676 3601 supra
706 3513 821 3601 spinam
851 3515 1029 3581 anteriorem
1060 3515 1244 3602 superiorem
1275 3495 1394 3605 obliquo
1423 3539 1488 3606 per·

169 3639 263 3699 senta.
283 3664 332 3679 -
351 3627 391 3697 B.
412 3625 455 3696 Os
482 3631 568 3716 uubis
597 3631 766 3714 sinistrum,
797 3649 887 3718 prope
917 3631 1089 3717 sympbysln
1114 3641 1145 3701 et
1165 3632 1201 3699 ad
1221 3632 1261 3718 ll,
1279 3633 1351 3719 poll.
1381 3633 1452 3702 Par.
1473 3657 1490 3702 a

166 3743 322 3814 luberoulu
347 3745 433 3832 pubis
464 3745 581 3833 oblique
599 3757 777 3832 persaotum.
799 3782 846 3796 -
863 3765 896 3812 o.
913 3743 960 3813 o'.
979 3744 1025 3816 o'.
1046 3745 1252 3838 lntegumenta
1276 3752 1444 3816 eommunia
1461 3760 1491 3819 et

168 3860 261 3930 lasoia
280 3861 489 3948 superficialis.
510 3899 556 3912 -
576 3859 607 3930 b.
628 3859 704 3929 Pars
721 3861 902 3929 musoolarls
920 3883 963 3930 nx.
983 3859 1104 3950 Obliqui
1134 3864 1301 3931 abdominis
1330 3869 1443 3933 externi
1460 3879 1490 3936 et

169 3972 198 4041 b’
217 3975 247 4044 d'
265 3977 457 4065 aponeurosls
486 3976 572 4064 buius
602 3977 742 4044 musculi.
759 4013 807 4028 —
821 4000 851 4045 o.
872 3977 919 4047 bl.
940 3977 1086 4067 Obliquus
1115 3980 1280 4047 abdominis
1310 3981 1443 4049 internus
1461 3993 1491 4050 et

168 4087 206 4158 o'.
227 4089 270 4161 o'.
290 4090 424 4160 Stratum
450 4091 635 4172 cellolosum
667 4091 743 4179 qood
761 4094 895 4159 xnusoulo
915 4095 983 4161 lunio
999 4105 1029 4161 at
1046 4096 1221 4183 aponourosi
1240 4114 1280 4162 m.
1300 4092 1421 4183 Obliqui
1438 4117 1488 4164 ex·

168 4209 244 4275 terni
274 4209 477 4295 interpositum
495 4215 552 4276 est.
573 4229 608 4274 α.
629 4213 666 4296 β.
690 4205 798 4296 blorgo
817 4209 939 4276 inlerior
954 4228 996 4276 m.
1016 4205 1137 4297 Obliqui
1166 4211 1274 4276 interni
1291 4229 1345 4297 pro
1362 4213 1488 4280 transitu

168 4321 289 4391 lonleull
306 4323 477 4409 spermalioi
495 4321 629 4389 bibssus.
648 4351 682 4418 γ.
703 4321 829 4390 lusentio
846 4325 1039 4410 aponeurosis
1056 4325 1142 4412 bujus
1160 4325 1286 4392 maseuli
1305 4325 1335 4392 in
1352 4345 1385 4392 os
1403 4326 1488 4413 pubis

167 4446 195 4502 et
210 4457 281 4506 eros
299 4439 445 4505 internum
464 4437 564 4505 annuli
581 4437 742 4528 inguinalis
755 4440 870 4505 externi
884 4439 1002 4527 oblique
1015 4449 1195 4528 nerseotnm.
1211 4439 1339 4514 lutera.
1354 4454 1394 4536 β.
1409 4452 1439 4510 et
1450 4465 1484 4532 γ.

169 4551 315 4620 lunioulus
332 4555 540 4640 spermatious‚
569 4551 652 4620 fibris
670 4573 712 4621 m.
734 4550 932 4621 Cremasteris
949 4557 1179 4622 oiroomoinutos
1196 4565 1226 4622 el
1242 4555 1319 4638 loeo,
1338 4556 1389 4624 ubi
1406 4561 1487 4626 orori

169 4667 283 4735 interno
311 4667 412 4735 annuli
443 4668 605 4758 inguinalis
635 4669 748 4735 externi
766 4670 970 4756 suprapositus
988 4679 1044 4748 est,
1078 4669 1210 4738 sectione
1238 4671 1403 4739 denudatus
1422 4671 1486 4764 (sed

168 4797 223 4848 non
241 4786 405 4870 persuetusl
426 4784 570 4851 cernitur.
594 4819 640 4834 -
659 4781 693 4851 d.
715 4781 761 4851 bl.
786 4781 988 4852 Transversns
1014 4785 1179 4853 abdominis
1195 4795 1226 4854 el
1241 4783 1288 4854 d'.
1309 4782 1356 4854 d'.
1377 4787 1485 4854 lamina

168 4895 328 4978 tabularis,
348 4917 423 4985 quaa
441 4901 586 4966 internam
604 4899 711 4966 laeiem
730 4898 856 4967 musooli
873 4895 995 4987 Obliqui
1013 4901 1122 4968 interni
1151 4902 1282 4979 investit.
1310 4903 1484 4986 aponenrosi

170 5011 394 5081 m.Transtersi
412 5013 505 5081 solide
518 5023 814 5082 oontexta.—-e.e.e.
828 5011 936 5082 Fascia
953 5025 1124 5083 transuersa
1138 5018 1312 5103 apouenrosi
1327 5017 1382 5082 boo
1395 5017 1483 5081 otiam

168 5125 346 5197 solidissimo
362 5139 509 5197 oontexla.
531 5165 579 5180 -
594 5129 620 5219 s.
639 5127 737 5196 Locus
756 5127 912 5197 oonlliotus
941 5130 1101 5198 laselarom
1133 5142 1320 5202 transuersae
1335 5140 1364 5198 el
1379 5130 1484 5196 iliacae

68 5281 71 5288 -
167 5247 271 5312 textum
289 5243 464 5314 eollnloaum
487 5244 640 5333 adiposum
659 5243 743 5313 ualde
760 5244 857 5314 laxum
876 5255 906 5312 et
922 5245 1059 5336 lragilem
1078 5249 1244 5318 contineas.
1264 5245 1298 5313 ln
1315 5246 1484 5332 operatione
