3682 6004
903 484 1149 551 ...42-

337 755 537 854 claramque
555 757 735 830 notionem
753 754 795 826 cle
813 755 922 850 grado
941 751 1086 850 hujusce
1104 751 1345 824 inclinationis
1363 748 1485 845 pelvis.
1511 751 1586 846 qui,
1606 760 1645 824 nt
1669 775 1713 824 ex

337 873 623 970 inquisitionibus
650 869 804 966 Naegele
826 879 860 942 et
877 872 1023 942 fratrum
1041 868 1173 943 Weber
1191 876 1312 940 notum
1331 876 1397 948 est,
1417 867 1578 937 tto-65⁰
1593 865 1712 950 efficit,

336 990 509 1060 sectiones
535 1013 595 1083 per
613 987 740 1082 pelvim
758 986 941 1060 columnae
969 984 1207 1056 vertebrarum
1230 984 1365 1057 unitam
1396 981 1432 1052 in
1457 979 1715 1075 longitudinem

183 1133 193 1154 ·
338 1101 461 1174 ductae
480 1099 591 1195 (conf.
611 1103 696 1174 fasc.
716 1103 799 1197 tu.)
832 1101 933 1173 nobis
950 1101 1148 1172 conferunt.
1187 1102 1350 1169 Attamen
1367 1104 1403 1168 et
1422 1097 1634 1169 sectionibus
1653 1121 1716 1168 no·

336 1217 416 1288 stris
436 1218 641 1289 transversis
659 1217 855 1302 inclinatio,
877 1225 1007 1312 quanta
1041 1215 1086 1286 sit
1116 1212 1240 1308 pelvis.
1261 1223 1313 1282 sat
1330 1201 1511 1282 evidenter
1535 1209 1714 1306 probatur:

337 1331 429 1403 linea
460 1333 590 1406 etenim
618 1351 751 1412 secans,
789 1355 852 1426 per
871 1330 1066 1424 marginem
1096 1329 1310 1423 superiorem
1341 1336 1377 1397 ct
1399 1335 1530 1422 partem
1565 1327 1716 1400 mediam

335 1447 530 1554 sympbysis
555 1447 664 1541 pelvis
681 1446 797 1526 (lucta.
836 1445 906 1518 fere
925 1467 1060 1539 semper
1089 1443 1277 1514 incisuram
1297 1441 1520 1513 ischiadicam
1543 1441 1714 1514 minorem

336 1573 371 1634 et
392 1562 513 1636 tubera
535 1561 637 1634 iscbii
673 1562 841 1642 decussit,
875 1560 1009 1653 apicem
1044 1581 1127 1629 vero
1162 1558 1324 1652 coccygia
1352 1557 1529 1632 rarissime
1558 1557 1715 1651 attingit.

339 1677 451 1768 (conc
471 1659 639 1764 ran.¹ao,
661 1679 722 1773 aa
744 1679 792 1746 ss
811 1673 911 1776 aa).

383 1794 506 1865 Vesica
522 1791 691 1872 urinaria,
713 1801 774 1866 ,ut
793 1789 886 1862 situs.
910 1790 1019 1884 ipsius
1036 1786 1217 1866 variabilis
1241 1785 1367 1860 melius
1384 1784 1713 1880 comprehendatur.

334 1930 406 1979 non
428 1906 544 1978 minus
574 1928 678 2001 quam
709 1905 911 1976 intestinum
930 1913 1078 1979 rectum.
1102 1902 1206 1974 modo
1226 1901 1327 1996 plena
1348 1911 1384 1972 ct
1400 1901 1537 1997 liquore
1555 1913 1713 1986 extensa,

334 2022 439 2095 modo
467 2021 573 2094 vidua
603 2029 638 2092 et
666 2029 842 2093 contracta
863 2027 1016 2114 persecta
1034 2028 1127 2090 sunt.
1173 2018 1285 2104 Plicas
1304 2018 1494 2110 peritonaei
1514 2017 1714 2113 Douglasaii

335 2135 560 2231 (anteriorem
590 2147 623 2208 et
650 2137 891 2231 posteriorem)
930 2158 1021 2231 quae
1055 2158 1191 2229 semper
1210 2133 1376 2204 intestina
1395 2135 1590 2215 continent.
1609 2132 1715 2206 simul

333 2275 413 2324 cum
430 2252 523 2325 bisce
541 2250 732 2325 visceribus
751 2249 947 2346 congelatis
965 2247 1186 2320 adumbrari.
1223 2249 1270 2320 Ut
1287 2271 1369 2318 vero
1388 2246 1515 2318 melius
1533 2247 1665 2319 limites
1683 2259 1716 2319 et

334 2368 446 2440 forma
471 2365 923 2463 ipsarum›·c0nspictanror‚
960 2365 996 2435 in
1025 2357 1205 2434 nonnullis
1222 2361 1433 2433 sectionibus
1452 2386 1552 2433 ansas
1582 2364 1714 2435 intesti-

333 2505 459 2552 norum
478 2481 557 2573 gelu
575 2488 713 2552 coactas
739 2479 922 2551 enucleari
949 2487 984 2549 et
995 2501 1126 2550 careas·
1136 2473 1309 2571 plicarum
1333 2476 1456 2548 viduas
1482 2476 1615 2550 ellinni.
1640 2481 1715 2550 Pcr-

334 2594 464 2668 multae
482 2597 600 2667 icones
619 2606 750 2690 partem
771 2593 997 2689 prostaticam
1016 2591 1176 2663 urctbrae
1189 2599 1223 2662 et
1236 2591 1366 2663 collum
1384 2593 1520 2664 vesicae
1538 2593 1715 2666 urinariae

334 2709 516 2804 effingunt:
545 2711 579 2781 id
598 2711 691 2806 quod
709 2710 893 2804 praecipue
911 2708 954 2778 acl
972 2707 1141 2778 ambitum
1161 2719 1193 2777 et
1210 2717 1387 2801 aspectam
1406 2716 1593 2801 prostatac,
1613 2719 1717 2804 prout

334 2826 370 2897 ln
389 2824 454 2898 bac
473 2824 529 2896 vel
559 2825 619 2897 illa
651 2823 796 2919 regione
828 2823 938 2918 pelvis
969 2825 1112 2894 minoris
1131 2833 1326 2894 transverse
1345 2821 1588 2915 perscinditur.
1613 2823 1715 2895 valde

333 2938 506 3012 diversum
526 2939 845 3019 demonstrandum,
879 2937 980 3008 nobis
998 2961 1085 3032 opus
1103 2946 1193 3016 crat„
1228 2934 1321 3008 Situs
1348 2936 1523 3008 vesiculae
1554 2941 1714 3032 prestati-

179 3065 184 3075 ‘
331 3077 392 3127 cac
409 3067 445 3126 et
462 3053 628 3152 ductuum
655 3052 977 3149 ejaculatoriorum.
1015 3043 1244 3123 substantiam
1276 3059 1447 3146 prostatae
1465 3051 1567 3122 sicuti
1600 3055 1716 3146 perfe-

331 3169 497 3248 rentium.
517 3193 621 3264 porro
640 3169 777 3240 diversa
797 3167 981 3264 longitudo
1001 3168 1252 3238 diametrorum
1288 3167 1391 3258 ipsius
1422 3166 1648 3261 obliquorum
1681 3177 1714 3237 ct

332 3285 535 3368 transversi.
570 3309 635 3356 nec
652 3307 722 3356 non
741 3289 828 3356 situs
855 3282 1095 3355 musculorum
1114 3291 1288 3377 prostatus
1306 3284 1500 3355 vicinorum
1519 3282 1616 3356 notu
1634 3305 1714 3354 nna·

334 3399 462 3472 torblcl
482 3403 746 3496 praeparatione
773 3411 842 3470 tam
871 3401 940 3470 rite
959 3398 1121 3493 clareque
1147 3397 1351 3491 exponitur.
1379 3418 1485 3492 quam
1502 3398 1713 3468 sectlonibue

332 3515 460 3584 nostris
487 3519 703 3586 transversis.
740 3515 894 3586 Pcrbene
918 3515 1164 3584 mosomum
1183 3535 1325 3608 quoque
1341 3511 1511 3606 ejusmodi
1542 3516 1713 3586 sectiones

334 3627 649 3698 conformationem
666 3631 840 3726 situmque
859 3628 960 3722 spatii
980 3626 1177 3698 ischiorecti
1212 3636 1247 3696 ct
1262 3628 1446 3722 praecipue
1464 3629 1566 3722 spatii
1585 3628 1712 3724 subpu-

337 3741 422 3824 lici.
450 3741 609 3814 musculo
635 3741 790 3814 levatura
808 3743 866 3813 sni
884 3742 1036 3822 limitati,
1058 3741 1117 3836 qui
1136 3763 1239 3812 ansae
1257 3741 1366 3812 instar
1388 3744 1496 3829 (conf.
1516 3767 1552 3813 r.
1573 3767 1604 3816 c.
1626 3741 1710 3815 Tab.

340 3859 417 3944 17.)
438 3867 643 3951 prestetum,
663 3858 865 3930 intestinum
883 3867 1015 3928 rectum
1041 3867 1076 3929 et
1091 3855 1332 3952 labyrinthum
1348 3880 1517 3929 venosum
1535 3859 1710 3930 Santoriui

335 3971 498 4044 includit.
1364 3980 1369 3988 '

382 4087 670 4182 lndagationibns
706 4087 855 4184 alanique
891 4089 1085 4160 sectionum
1116 4097 1390 4161 transversarum
1425 4087 1537 4182 pelvis
1564 4097 1712 4160 constat:

335 4201 460 4274 Primo.
496 4201 643 4298 Apicem
664 4203 737 4276 sive
756 4213 888 4298 partem
908 4205 1117 4276 anteriorem
1135 4197 1317 4300 prostatae'
1340 4225 1419 4274 cum
1450 4212 1558 4276 strato
1588 4203 1712 4274 fibrosn

333 4315 534 4398 masculari.
567 4317 661 4415 quod
680 4330 815 4414 partem
838 4318 1138 4392 membranaceum
1172 4319 1334 4391 uretbrae
1358 4317 1617 4413 circumcingit,
1646 4327 1712 4388 tam

335 4431 455 4504 intime
473 4444 673 4506 contextum
692 4458 780 4512 esse.
799 4444 839 4506 ut
856 4433 1016 4507 confiniis
1035 4435 1208 4506 distinctis
1227 4443 1355 4506 careat.
1391 4433 1562 4504 Secundo.
1596 4431 1709 4526 (Conf.

333 4547 405 4620 tab.
430 4549 501 4642 fB).
534 4548 698 4621 Canalem
726 4550 887 4622 uretbrae
915 4551 1006 4620 circa
1036 4561 1166 4642 partem
1194 4549 1414 4646 prostaticam
1446 4559 1621 4642 aspectum
1645 4569 1711 4620 non

333 4659 540 4734 circularem
566 4662 624 4734 sed
644 4668 758 4758 potius
775 4666 886 4736 rimae
903 4666 1136 4754 semilnnaris,
1174 4674 1315 4760 propter
1343 4663 1575 4736 monticulum
1604 4663 1711 4734 semi-

331 4775 463 4857 ualem.
484 4779 545 4873 qui
565 4783 600 4850 in
618 4803 759 4852 caveam
779 4780 940 4853 nretbraa
959 4759 1262 4876 prominet'(ccnf.
1284 4779 1372 4852 lab.
1396 4781 1453 4874 17)
1472 4779 1616 4851 babere.
1634 4780 1710 4849 Ter·

334 4894 396 4964 tio.
415 4893 553 4964 Partem
571 4895 870 4968 membranaceum
905 4919 931 4968 s.
952 4896 1117 4968 isthmum
1135 4897 1299 4968 uretbrae
1316 4895 1360 4966 ab
1374 4895 1505 4990 angula
1518 4891 1710 4990 sympbyais

335 5006 435 5101 pubis
466 5009 509 5079 ad
542 5011 555 5080 l
588 5008 673 5102 poll.
693 5011 771 5084 Par.
802 5011 942 5100 distare,
978 5015 1150 5106 situmque
1180 5013 1286 5092 hunc,
1310 5011 1478 5107 qnoniam
1496 5018 1611 5081 textus
1627 5009 1711 5101 liga·

336 5123 446 5194 menti
465 5123 689 5220 triangularis
708 5123 846 5196 uretbri
865 5127 1031 5221 perforati
1052 5150 1172 5222 parum
1204 5127 1343 5198 ductilis
1374 5127 1432 5210 sit,
1463 5124 1710 5198 immutabilem

334 5256 419 5312 casa.
467 5243 609 5328 Quarto.
630 5241 951 5314 conformationem
972 5251 1157 5338 prostatae.
1180 5252 1283 5338 prout
1299 5243 1441 5339 propius
1458 5235 1532 5314 bisi
1552 5251 1611 5314 aut
1627 5235 1712 5334 apici
