<?xml version="1.0" encoding="UTF-8"?>
<!DOCTYPE html PUBLIC "-//W3C//DTD XHTML 1.0 Transitional//EN"
    "http://www.w3.org/TR/xhtml1/DTD/xhtml1-transitional.dtd">
<html xmlns="http://www.w3.org/1999/xhtml" xml:lang="en" lang="en">
 <head>
  <title>
</title>
<meta http-equiv="Content-Type" content="text/html;charset=utf-8" />
  <meta name='ocr-system' content='tesseract 3.04.00' />
  <meta name='ocr-capabilities' content='ocr_page ocr_carea ocr_par ocr_line ocrx_word'/>
</head>
<body>
  <div class='ocr_page' id='page_1' title='image "anatometopograp00pirogoog_0053.png"; bbox 0 0 3704 6008; ppageno 0'>
   <div class='ocr_carea' id='block_1_1' title="bbox 901 481 1147 548">
    <p class='ocr_par' dir='ltr' id='par_1_1' title="bbox 901 481 1147 548">
     <span class='ocr_line' id='line_1_1' title="bbox 901 481 1147 548; baseline -0.016 -12"><span class='ocrx_word' id='word_1_1' title='bbox 901 481 1147 548; x_wconf 70' lang='grc'><strong>...42-</strong></span> 
     </span>
    </p>
   </div>
   <div class='ocr_carea' id='block_1_2' title="bbox 330 745 1721 5337">
    <p class='ocr_par' dir='ltr' id='par_1_2' title="bbox 334 745 1718 1775">
     <span class='ocr_line' id='line_1_2' title="bbox 335 745 1714 852; baseline -0.004 -26"><span class='ocrx_word' id='word_1_2' title='bbox 335 756 534 852; x_wconf 89' lang='lat' dir='ltr'><strong>claramque</strong></span> <span class='ocrx_word' id='word_1_3' title='bbox 553 756 733 828; x_wconf 88' lang='lat' dir='ltr'><strong>notionem</strong></span> <span class='ocrx_word' id='word_1_4' title='bbox 751 753 793 824; x_wconf 87' lang='lat' dir='ltr'><strong>de</strong></span> <span class='ocrx_word' id='word_1_5' title='bbox 811 751 919 847; x_wconf 88' lang='lat' dir='ltr'><strong>gradu</strong></span> <span class='ocrx_word' id='word_1_6' title='bbox 939 749 1083 847; x_wconf 87' lang='lat' dir='ltr'><strong>hujusce</strong></span> <span class='ocrx_word' id='word_1_7' title='bbox 1102 747 1342 821; x_wconf 77' lang='lat' dir='ltr'><strong>inclinationis</strong></span> <span class='ocrx_word' id='word_1_8' title='bbox 1361 745 1483 842; x_wconf 85' lang='lat' dir='ltr'><strong>pelvis,</strong></span> <span class='ocrx_word' id='word_1_9' title='bbox 1509 747 1583 842; x_wconf 89' lang='lat' dir='ltr'><strong>qui,</strong></span> <span class='ocrx_word' id='word_1_10' title='bbox 1604 757 1644 840; x_wconf 79' lang='lat' dir='ltr'><strong>nt</strong></span> <span class='ocrx_word' id='word_1_11' title='bbox 1667 772 1714 821; x_wconf 82' lang='lat' dir='ltr'><strong>ex</strong></span> 
     </span>
     <span class='ocr_line' id='line_1_3' title="bbox 335 861 1711 967; baseline -0.006 -24"><span class='ocrx_word' id='word_1_12' title='bbox 335 871 621 967; x_wconf 84' lang='lat' dir='ltr'><strong>inquisitionibus</strong></span> <span class='ocrx_word' id='word_1_13' title='bbox 648 867 801 965; x_wconf 81' lang='lat' dir='ltr'><strong>Naegale</strong></span> <span class='ocrx_word' id='word_1_14' title='bbox 824 876 858 940; x_wconf 90' lang='lat' dir='ltr'><strong>et</strong></span> <span class='ocrx_word' id='word_1_15' title='bbox 874 868 1021 938; x_wconf 79' lang='lat' dir='ltr'><strong>fratrum</strong></span> <span class='ocrx_word' id='word_1_16' title='bbox 1039 865 1170 940; x_wconf 91' lang='lat' dir='ltr'><strong>Weber</strong></span> <span class='ocrx_word' id='word_1_17' title='bbox 1189 874 1310 936; x_wconf 89' lang='lat' dir='ltr'><strong>notum</strong></span> <span class='ocrx_word' id='word_1_18' title='bbox 1330 874 1395 943; x_wconf 82' lang='lat' dir='ltr'><strong>est.</strong></span> <span class='ocrx_word' id='word_1_19' title='bbox 1415 863 1575 934; x_wconf 80' lang='lat' dir='ltr'><strong>tto-65⁰</strong></span> <span class='ocrx_word' id='word_1_20' title='bbox 1591 861 1711 945; x_wconf 82' lang='lat' dir='ltr'><strong>efficit.</strong></span> 
     </span>
     <span class='ocr_line' id='line_1_4' title="bbox 335 977 1715 1082; baseline -0.004 -25"><span class='ocrx_word' id='word_1_21' title='bbox 335 989 507 1058; x_wconf 79' lang='lat' dir='ltr'><strong>sectiones</strong></span> <span class='ocrx_word' id='word_1_22' title='bbox 533 1011 593 1082; x_wconf 92' lang='lat' dir='ltr'><strong>per</strong></span> <span class='ocrx_word' id='word_1_23' title='bbox 611 985 738 1080; x_wconf 86' lang='lat' dir='ltr'><strong>pelvim</strong></span> <span class='ocrx_word' id='word_1_24' title='bbox 756 985 939 1055; x_wconf 89' lang='lat' dir='ltr'><strong>columnae</strong></span> <span class='ocrx_word' id='word_1_25' title='bbox 967 981 1205 1054; x_wconf 86' lang='lat' dir='ltr'><strong>vertebrarum</strong></span> <span class='ocrx_word' id='word_1_26' title='bbox 1228 981 1364 1054; x_wconf 88' lang='lat' dir='ltr'><strong>unitum</strong></span> <span class='ocrx_word' id='word_1_27' title='bbox 1393 979 1430 1048; x_wconf 93' lang='lat' dir='ltr'><strong>in</strong></span> <span class='ocrx_word' id='word_1_28' title='bbox 1455 977 1715 1072; x_wconf 89' lang='lat' dir='ltr'><strong>longitudinem</strong></span> 
     </span>
     <span class='ocr_line' id='line_1_5' title="bbox 336 1093 1716 1195; baseline -0.006 -23"><span class='ocrx_word' id='word_1_29' title='bbox 336 1101 459 1172; x_wconf 87' lang='lat' dir='ltr'><strong>ductae</strong></span> <span class='ocrx_word' id='word_1_30' title='bbox 479 1098 589 1194; x_wconf 90' lang='lat' dir='ltr'><strong>(conf.</strong></span> <span class='ocrx_word' id='word_1_31' title='bbox 609 1101 694 1172; x_wconf 83' lang='lat' dir='ltr'><strong>fasc.</strong></span> <span class='ocrx_word' id='word_1_32' title='bbox 714 1101 797 1195; x_wconf 77' lang='lat' dir='ltr'><strong>tn.)</strong></span> <span class='ocrx_word' id='word_1_33' title='bbox 831 1098 931 1171; x_wconf 89' lang='lat' dir='ltr'><strong>nobis</strong></span> <span class='ocrx_word' id='word_1_34' title='bbox 949 1098 1146 1168; x_wconf 90' lang='lat' dir='ltr'><strong>conferunt.</strong></span> <span class='ocrx_word' id='word_1_35' title='bbox 1185 1099 1348 1166; x_wconf 78' lang='lat' dir='ltr'><strong>Attamen</strong></span> <span class='ocrx_word' id='word_1_36' title='bbox 1365 1103 1401 1164; x_wconf 91' lang='lat' dir='ltr'><strong>et</strong></span> <span class='ocrx_word' id='word_1_37' title='bbox 1419 1093 1631 1168; x_wconf 80' lang='lat' dir='ltr'><strong>sectionibus</strong></span> <span class='ocrx_word' id='word_1_38' title='bbox 1649 1116 1716 1165; x_wconf 90' lang='lat' dir='ltr'><strong>uo·</strong></span> 
     </span>
     <span class='ocr_line' id='line_1_6' title="bbox 336 1199 1714 1308; baseline -0.007 -21"><span class='ocrx_word' id='word_1_39' title='bbox 336 1217 414 1287; x_wconf 83' lang='lat' dir='ltr'><strong>stris</strong></span> <span class='ocrx_word' id='word_1_40' title='bbox 433 1217 639 1288; x_wconf 87' lang='lat' dir='ltr'><strong>transversis</strong></span> <span class='ocrx_word' id='word_1_41' title='bbox 657 1215 853 1300; x_wconf 81' lang='lat' dir='ltr'><strong>inclinatio,</strong></span> <span class='ocrx_word' id='word_1_42' title='bbox 876 1223 1005 1308; x_wconf 85' lang='lat' dir='ltr'><strong>quanta</strong></span> <span class='ocrx_word' id='word_1_43' title='bbox 1039 1213 1085 1282; x_wconf 88' lang='lat' dir='ltr'><strong>sit</strong></span> <span class='ocrx_word' id='word_1_44' title='bbox 1114 1210 1238 1304; x_wconf 81' lang='lat' dir='ltr'><strong>pelvis.</strong></span> <span class='ocrx_word' id='word_1_45' title='bbox 1259 1220 1311 1280; x_wconf 91' lang='lat' dir='ltr'><strong>sat</strong></span> <span class='ocrx_word' id='word_1_46' title='bbox 1328 1199 1509 1280; x_wconf 77' lang='lat' dir='ltr'><strong>&#39;evidenter</strong></span> <span class='ocrx_word' id='word_1_47' title='bbox 1532 1207 1714 1303; x_wconf 78' lang='lat' dir='ltr'><strong>probatur:</strong></span> 
     </span>
     <span class='ocr_line' id='line_1_7' title="bbox 334 1324 1718 1424; baseline -0.004 -23"><span class='ocrx_word' id='word_1_48' title='bbox 334 1330 428 1402; x_wconf 87' lang='lat' dir='ltr'><strong>linea</strong></span> <span class='ocrx_word' id='word_1_49' title='bbox 459 1332 588 1403; x_wconf 86' lang='lat' dir='ltr'><strong>etenim</strong></span> <span class='ocrx_word' id='word_1_50' title='bbox 617 1350 749 1409; x_wconf 85' lang='lat' dir='ltr'><strong>secans.</strong></span> <span class='ocrx_word' id='word_1_51' title='bbox 788 1353 850 1424; x_wconf 88' lang='lat' dir='ltr'><strong>per</strong></span> <span class='ocrx_word' id='word_1_52' title='bbox 869 1327 1065 1422; x_wconf 81' lang='lat' dir='ltr'><strong>marginem</strong></span> <span class='ocrx_word' id='word_1_53' title='bbox 1095 1327 1309 1420; x_wconf 89' lang='lat' dir='ltr'><strong>superiorem</strong></span> <span class='ocrx_word' id='word_1_54' title='bbox 1339 1334 1375 1394; x_wconf 94' lang='lat' dir='ltr'><strong>et</strong></span> <span class='ocrx_word' id='word_1_55' title='bbox 1397 1333 1529 1417; x_wconf 90' lang='lat' dir='ltr'><strong>partem</strong></span> <span class='ocrx_word' id='word_1_56' title='bbox 1562 1324 1718 1396; x_wconf 88' lang='lat' dir='ltr'><strong>mediam</strong></span> 
     </span>
     <span class='ocr_line' id='line_1_8' title="bbox 334 1437 1715 1540; baseline -0.007 -22"><span class='ocrx_word' id='word_1_57' title='bbox 334 1445 529 1540; x_wconf 84' lang='lat' dir='ltr'><strong>symphysis</strong></span> <span class='ocrx_word' id='word_1_58' title='bbox 553 1446 662 1540; x_wconf 85' lang='lat' dir='ltr'><strong>pelvis</strong></span> <span class='ocrx_word' id='word_1_59' title='bbox 679 1445 795 1525; x_wconf 84' lang='lat' dir='ltr'><strong>ducta,</strong></span> <span class='ocrx_word' id='word_1_60' title='bbox 834 1443 905 1514; x_wconf 85' lang='lat' dir='ltr'><strong>lere</strong></span> <span class='ocrx_word' id='word_1_61' title='bbox 923 1465 1058 1536; x_wconf 81' lang='lat' dir='ltr'><strong>semper</strong></span> <span class='ocrx_word' id='word_1_62' title='bbox 1088 1441 1276 1510; x_wconf 87' lang='lat' dir='ltr'><strong>incisuram</strong></span> <span class='ocrx_word' id='word_1_63' title='bbox 1295 1438 1519 1509; x_wconf 89' lang='lat' dir='ltr'><strong>ischiadicam</strong></span> <span class='ocrx_word' id='word_1_64' title='bbox 1541 1437 1715 1510; x_wconf 90' lang='lat' dir='ltr'><strong>minorem</strong></span> 
     </span>
     <span class='ocr_line' id='line_1_9' title="bbox 335 1541 1716 1652; baseline -0.003 -21"><span class='ocrx_word' id='word_1_65' title='bbox 335 1565 370 1631; x_wconf 79' lang='lat' dir='ltr'><strong>e&#39;t</strong></span> <span class='ocrx_word' id='word_1_66' title='bbox 390 1541 511 1632; x_wconf 83' lang='lat' dir='ltr'><strong>tubera</strong></span> <span class='ocrx_word' id='word_1_67' title='bbox 533 1559 635 1631; x_wconf 88' lang='lat' dir='ltr'><strong>ischii</strong></span> <span class='ocrx_word' id='word_1_68' title='bbox 671 1559 840 1640; x_wconf 87' lang='lat' dir='ltr'><strong>decussat‚</strong></span> <span class='ocrx_word' id='word_1_69' title='bbox 873 1557 1008 1652; x_wconf 89' lang='lat' dir='ltr'><strong>apicem</strong></span> <span class='ocrx_word' id='word_1_70' title='bbox 1042 1579 1124 1626; x_wconf 90' lang='lat' dir='ltr'><strong>vero</strong></span> <span class='ocrx_word' id='word_1_71' title='bbox 1161 1556 1322 1650; x_wconf 84' lang='lat' dir='ltr'><strong>coccygia</strong></span> <span class='ocrx_word' id='word_1_72' title='bbox 1351 1553 1527 1630; x_wconf 83' lang='lat' dir='ltr'><strong>rarissime</strong></span> <span class='ocrx_word' id='word_1_73' title='bbox 1556 1553 1716 1648; x_wconf 85' lang='lat' dir='ltr'><strong>attingit.</strong></span> 
     </span>
     <span class='ocr_line' id='line_1_10' title="bbox 338 1659 1221 1775; baseline -0.007 -27"><span class='ocrx_word' id='word_1_74' title='bbox 338 1659 909 1775; x_wconf 59' lang='lat' dir='ltr'><strong>(ueneratus,annuere).</strong></span> <span class='ocrx_word' id='word_1_75' title='bbox 1217 1757 1221 1764; x_wconf 39' lang='lat'><strong><em>„</em></strong></span> 
     </span>
    </p>

    <p class='ocr_par' dir='ltr' id='par_1_3' title="bbox 330 1781 1719 4044">
     <span class='ocr_line' id='line_1_11' title="bbox 382 1781 1713 1880; baseline -0.005 -18"><span class='ocrx_word' id='word_1_76' title='bbox 382 1793 504 1864; x_wconf 88' lang='lat' dir='ltr'><strong>Vesica</strong></span> <span class='ocrx_word' id='word_1_77' title='bbox 520 1789 689 1869; x_wconf 87' lang='lat' dir='ltr'><strong>urinaria.</strong></span> <span class='ocrx_word' id='word_1_78' title='bbox 711 1799 772 1864; x_wconf 25' lang='lat' dir='ltr'><strong>,ott</strong></span> <span class='ocrx_word' id='word_1_79' title='bbox 792 1787 884 1860; x_wconf 84' lang='lat' dir='ltr'><strong>situs.</strong></span> <span class='ocrx_word' id='word_1_80' title='bbox 908 1787 1017 1880; x_wconf 88' lang='lat' dir='ltr'><strong>ipsius</strong></span> <span class='ocrx_word' id='word_1_81' title='bbox 1034 1783 1215 1864; x_wconf 81' lang='lat' dir='ltr'><strong>variabilis</strong></span> <span class='ocrx_word' id='word_1_82' title='bbox 1239 1783 1365 1858; x_wconf 87' lang='lat' dir='ltr'><strong>melius</strong></span> <span class='ocrx_word' id='word_1_83' title='bbox 1383 1781 1713 1876; x_wconf 80' lang='lat' dir='ltr'><strong>comprehendatur,</strong></span> 
     </span>
     <span class='ocr_line' id='line_1_12' title="bbox 333 1899 1714 1998; baseline -0.006 -20"><span class='ocrx_word' id='word_1_84' title='bbox 333 1929 405 1978; x_wconf 90' lang='lat' dir='ltr'><strong>uun</strong></span> <span class='ocrx_word' id='word_1_85' title='bbox 427 1905 555 1976; x_wconf 88' lang='lat' dir='ltr'><strong>minus</strong></span> <span class='ocrx_word' id='word_1_86' title='bbox 572 1927 678 1998; x_wconf 89' lang='lat' dir='ltr'><strong>quam</strong></span> <span class='ocrx_word' id='word_1_87' title='bbox 707 1903 909 1974; x_wconf 87' lang='lat' dir='ltr'><strong>intestinum</strong></span> <span class='ocrx_word' id='word_1_88' title='bbox 930 1909 1077 1977; x_wconf 82' lang='lat' dir='ltr'><strong>rectum.</strong></span> <span class='ocrx_word' id='word_1_89' title='bbox 1101 1899 1204 1972; x_wconf 89' lang='lat' dir='ltr'><strong>modo</strong></span> <span class='ocrx_word' id='word_1_90' title='bbox 1225 1899 1325 1994; x_wconf 91' lang='lat' dir='ltr'><strong>plena</strong></span> <span class='ocrx_word' id='word_1_91' title='bbox 1347 1909 1382 1968; x_wconf 90' lang='lat' dir='ltr'><strong>et</strong></span> <span class='ocrx_word' id='word_1_92' title='bbox 1399 1899 1536 1993; x_wconf 91' lang='lat' dir='ltr'><strong>liquore</strong></span> <span class='ocrx_word' id='word_1_93' title='bbox 1553 1910 1714 1982; x_wconf 87' lang='lat' dir='ltr'><strong>extensa,</strong></span> 
     </span>
     <span class='ocr_line' id='line_1_13' title="bbox 333 2015 1716 2111; baseline -0.004 -19"><span class='ocrx_word' id='word_1_94' title='bbox 333 2021 438 2094; x_wconf 92' lang='lat' dir='ltr'><strong>modo</strong></span> <span class='ocrx_word' id='word_1_95' title='bbox 467 2021 572 2092; x_wconf 85' lang='lat' dir='ltr'><strong>vidua</strong></span> <span class='ocrx_word' id='word_1_96' title='bbox 603 2028 637 2091; x_wconf 90' lang='lat' dir='ltr'><strong>et</strong></span> <span class='ocrx_word' id='word_1_97' title='bbox 665 2028 842 2090; x_wconf 84' lang='lat' dir='ltr'><strong>contracta</strong></span> <span class='ocrx_word' id='word_1_98' title='bbox 862 2025 1014 2111; x_wconf 86' lang='lat' dir='ltr'><strong>persccta</strong></span> <span class='ocrx_word' id='word_1_99' title='bbox 1033 2026 1126 2088; x_wconf 92' lang='lat' dir='ltr'><strong>suut.</strong></span> <span class='ocrx_word' id='word_1_100' title='bbox 1172 2015 1283 2100; x_wconf 85' lang='lat' dir='ltr'><strong>Plieas</strong></span> <span class='ocrx_word' id='word_1_101' title='bbox 1303 2015 1493 2107; x_wconf 88' lang='lat' dir='ltr'><strong>peritonuei</strong></span> <span class='ocrx_word' id='word_1_102' title='bbox 1513 2015 1716 2110; x_wconf 84' lang='lat' dir='ltr'><strong>Douglassii</strong></span> 
     </span>
     <span class='ocr_line' id='line_1_14' title="bbox 334 2129 1716 2232; baseline -0.004 -24"><span class='ocrx_word' id='word_1_103' title='bbox 334 2135 559 2232; x_wconf 87' lang='lat' dir='ltr'><strong>(anteriorem</strong></span> <span class='ocrx_word' id='word_1_104' title='bbox 589 2145 622 2207; x_wconf 90' lang='lat' dir='ltr'><strong>et</strong></span> <span class='ocrx_word' id='word_1_105' title='bbox 649 2135 890 2231; x_wconf 87' lang='lat' dir='ltr'><strong>posteriorem)</strong></span> <span class='ocrx_word' id='word_1_106' title='bbox 930 2156 1019 2228; x_wconf 85' lang='lat' dir='ltr'><strong>quae</strong></span> <span class='ocrx_word' id='word_1_107' title='bbox 1054 2155 1191 2227; x_wconf 86' lang='lat' dir='ltr'><strong>semper</strong></span> <span class='ocrx_word' id='word_1_108' title='bbox 1209 2131 1374 2201; x_wconf 89' lang='lat' dir='ltr'><strong>intestina</strong></span> <span class='ocrx_word' id='word_1_109' title='bbox 1393 2131 1588 2212; x_wconf 82' lang='lat' dir='ltr'><strong>continent,</strong></span> <span class='ocrx_word' id='word_1_110' title='bbox 1607 2129 1716 2202; x_wconf 91' lang='lat' dir='ltr'><strong>simul</strong></span> 
     </span>
     <span class='ocr_line' id='line_1_15' title="bbox 333 2243 1717 2342; baseline -0.007 -18"><span class='ocrx_word' id='word_1_111' title='bbox 333 2275 412 2324; x_wconf 87' lang='lat' dir='ltr'><strong>cum</strong></span> <span class='ocrx_word' id='word_1_112' title='bbox 430 2251 522 2323; x_wconf 88' lang='lat' dir='ltr'><strong>bisce</strong></span> <span class='ocrx_word' id='word_1_113' title='bbox 540 2249 732 2324; x_wconf 84' lang='lat' dir='ltr'><strong>visceribus</strong></span> <span class='ocrx_word' id='word_1_114' title='bbox 750 2247 946 2342; x_wconf 84' lang='lat' dir='ltr'><strong>congelatis</strong></span> <span class='ocrx_word' id='word_1_115' title='bbox 964 2245 1185 2318; x_wconf 87' lang='lat' dir='ltr'><strong>adumbravi.</strong></span> <span class='ocrx_word' id='word_1_116' title='bbox 1223 2246 1268 2316; x_wconf 94' lang='lat' dir='ltr'><strong>Ut</strong></span> <span class='ocrx_word' id='word_1_117' title='bbox 1286 2268 1368 2315; x_wconf 85' lang='lat' dir='ltr'><strong>vero</strong></span> <span class='ocrx_word' id='word_1_118' title='bbox 1387 2244 1513 2314; x_wconf 88' lang='lat' dir='ltr'><strong>melius</strong></span> <span class='ocrx_word' id='word_1_119' title='bbox 1531 2243 1660 2315; x_wconf 88' lang='lat' dir='ltr'><strong>limites</strong></span> <span class='ocrx_word' id='word_1_120' title='bbox 1678 2255 1717 2316; x_wconf 90' lang='lat' dir='ltr'><strong>et</strong></span> 
     </span>
     <span class='ocr_line' id='line_1_16' title="bbox 332 2345 1715 2462; baseline -0.004 -25"><span class='ocrx_word' id='word_1_121' title='bbox 332 2368 446 2438; x_wconf 78' lang='lat' dir='ltr'><strong>forma</strong></span> <span class='ocrx_word' id='word_1_122' title='bbox 472 2345 625 2462; x_wconf 91' lang='lat' dir='ltr'><strong>ipsarum</strong></span> <span class='ocrx_word' id='word_1_123' title='bbox 645 2363 922 2458; x_wconf 84' lang='lat' dir='ltr'><strong>conspiciantur,</strong></span> <span class='ocrx_word' id='word_1_124' title='bbox 959 2361 995 2433; x_wconf 89' lang='lat' dir='ltr'><strong>iu</strong></span> <span class='ocrx_word' id='word_1_125' title='bbox 1024 2355 1204 2432; x_wconf 88' lang='lat' dir='ltr'><strong>nonnullis</strong></span> <span class='ocrx_word' id='word_1_126' title='bbox 1221 2359 1432 2430; x_wconf 86' lang='lat' dir='ltr'><strong>sectionibus</strong></span> <span class='ocrx_word' id='word_1_127' title='bbox 1451 2381 1550 2429; x_wconf 88' lang='lat' dir='ltr'><strong>ausas</strong></span> <span class='ocrx_word' id='word_1_128' title='bbox 1580 2361 1715 2432; x_wconf 84' lang='lat' dir='ltr'><strong>intesti-</strong></span> 
     </span>
     <span class='ocr_line' id='line_1_17' title="bbox 332 2471 1717 2572; baseline -0.006 -20"><span class='ocrx_word' id='word_1_129' title='bbox 332 2505 459 2552; x_wconf 92' lang='lat' dir='ltr'><strong>norum</strong></span> <span class='ocrx_word' id='word_1_130' title='bbox 477 2481 556 2572; x_wconf 80' lang='lat' dir='ltr'><strong>gelu</strong></span> <span class='ocrx_word' id='word_1_131' title='bbox 574 2487 712 2550; x_wconf 88' lang='lat' dir='ltr'><strong>coactas</strong></span> <span class='ocrx_word' id='word_1_132' title='bbox 738 2477 920 2549; x_wconf 85' lang='lat' dir='ltr'><strong>enucleavi</strong></span> <span class='ocrx_word' id='word_1_133' title='bbox 948 2471 1307 2568; x_wconf 87' lang='lat' dir='ltr'><strong>etcaveasplicarum</strong></span> <span class='ocrx_word' id='word_1_134' title='bbox 1332 2473 1455 2546; x_wconf 86' lang='lat' dir='ltr'><strong>viduas</strong></span> <span class='ocrx_word' id='word_1_135' title='bbox 1481 2473 1612 2546; x_wconf 81' lang='lat' dir='ltr'><strong>ellinni.</strong></span> <span class='ocrx_word' id='word_1_136' title='bbox 1635 2478 1717 2546; x_wconf 84' lang='lat' dir='ltr'><strong>Per·</strong></span> 
     </span>
     <span class='ocr_line' id='line_1_18' title="bbox 332 2588 1716 2688; baseline -0.004 -21"><span class='ocrx_word' id='word_1_137' title='bbox 332 2593 463 2667; x_wconf 90' lang='lat' dir='ltr'><strong>multae</strong></span> <span class='ocrx_word' id='word_1_138' title='bbox 481 2596 598 2665; x_wconf 81' lang='lat' dir='ltr'><strong>icones</strong></span> <span class='ocrx_word' id='word_1_139' title='bbox 618 2605 749 2688; x_wconf 90' lang='lat' dir='ltr'><strong>partem</strong></span> <span class='ocrx_word' id='word_1_140' title='bbox 771 2592 995 2686; x_wconf 87' lang='lat' dir='ltr'><strong>prostaticam</strong></span> <span class='ocrx_word' id='word_1_141' title='bbox 1015 2589 1175 2661; x_wconf 91' lang='lat' dir='ltr'><strong>urethrae</strong></span> <span class='ocrx_word' id='word_1_142' title='bbox 1188 2597 1222 2659; x_wconf 90' lang='lat' dir='ltr'><strong>et</strong></span> <span class='ocrx_word' id='word_1_143' title='bbox 1235 2588 1365 2659; x_wconf 85' lang='lat' dir='ltr'><strong>collum</strong></span> <span class='ocrx_word' id='word_1_144' title='bbox 1382 2590 1518 2660; x_wconf 87' lang='lat' dir='ltr'><strong>vesicae</strong></span> <span class='ocrx_word' id='word_1_145' title='bbox 1536 2589 1716 2662; x_wconf 87' lang='lat' dir='ltr'><strong>urinariae</strong></span> 
     </span>
     <span class='ocr_line' id='line_1_19' title="bbox 333 2699 1719 2804; baseline -0.003 -24"><span class='ocrx_word' id='word_1_146' title='bbox 333 2709 516 2803; x_wconf 75' lang='lat' dir='ltr'><strong>effingunt:</strong></span> <span class='ocrx_word' id='word_1_147' title='bbox 544 2709 577 2780; x_wconf 93' lang='lat' dir='ltr'><strong>id</strong></span> <span class='ocrx_word' id='word_1_148' title='bbox 597 2709 688 2804; x_wconf 86' lang='lat' dir='ltr'><strong>quod</strong></span> <span class='ocrx_word' id='word_1_149' title='bbox 707 2710 891 2802; x_wconf 89' lang='lat' dir='ltr'><strong>praecipue</strong></span> <span class='ocrx_word' id='word_1_150' title='bbox 910 2706 953 2777; x_wconf 90' lang='lat' dir='ltr'><strong>ad</strong></span> <span class='ocrx_word' id='word_1_151' title='bbox 971 2705 1140 2776; x_wconf 85' lang='lat' dir='ltr'><strong>ambitum</strong></span> <span class='ocrx_word' id='word_1_152' title='bbox 1160 2717 1192 2774; x_wconf 86' lang='lat' dir='ltr'><strong>et</strong></span> <span class='ocrx_word' id='word_1_153' title='bbox 1209 2714 1386 2798; x_wconf 84' lang='lat' dir='ltr'><strong>aspectum</strong></span> <span class='ocrx_word' id='word_1_154' title='bbox 1405 2713 1591 2798; x_wconf 82' lang='lat' dir='ltr'><strong>prostatae.</strong></span> <span class='ocrx_word' id='word_1_155' title='bbox 1607 2699 1719 2800; x_wconf 75' lang='lat' dir='ltr'><strong>&#39;prout</strong></span> 
     </span>
     <span class='ocr_line' id='line_1_20' title="bbox 333 2818 1716 2916; baseline -0.004 -20"><span class='ocrx_word' id='word_1_156' title='bbox 333 2827 368 2896; x_wconf 96' lang='lat' dir='ltr'><strong>in</strong></span> <span class='ocrx_word' id='word_1_157' title='bbox 388 2823 453 2895; x_wconf 84' lang='lat' dir='ltr'><strong>bac</strong></span> <span class='ocrx_word' id='word_1_158' title='bbox 472 2823 527 2895; x_wconf 90' lang='lat' dir='ltr'><strong>vel</strong></span> <span class='ocrx_word' id='word_1_159' title='bbox 557 2825 617 2896; x_wconf 91' lang='lat' dir='ltr'><strong>illa</strong></span> <span class='ocrx_word' id='word_1_160' title='bbox 650 2822 795 2916; x_wconf 84' lang='lat' dir='ltr'><strong>regione</strong></span> <span class='ocrx_word' id='word_1_161' title='bbox 827 2821 937 2916; x_wconf 89' lang='lat' dir='ltr'><strong>pelvis</strong></span> <span class='ocrx_word' id='word_1_162' title='bbox 968 2822 1111 2891; x_wconf 91' lang='lat' dir='ltr'><strong>minoris</strong></span> <span class='ocrx_word' id='word_1_163' title='bbox 1131 2829 1324 2890; x_wconf 85' lang='lat' dir='ltr'><strong>transverse</strong></span> <span class='ocrx_word' id='word_1_164' title='bbox 1344 2818 1586 2912; x_wconf 85' lang='lat' dir='ltr'><strong>perscinditur.</strong></span> <span class='ocrx_word' id='word_1_165' title='bbox 1611 2819 1716 2891; x_wconf 89' lang='lat' dir='ltr'><strong>valde</strong></span> 
     </span>
     <span class='ocr_line' id='line_1_21' title="bbox 331 2931 1715 3030; baseline -0.003 -20"><span class='ocrx_word' id='word_1_166' title='bbox 331 2939 505 3010; x_wconf 90' lang='lat' dir='ltr'><strong>diversum</strong></span> <span class='ocrx_word' id='word_1_167' title='bbox 525 2937 844 3017; x_wconf 81' lang='lat' dir='ltr'><strong>demonstrandum.</strong></span> <span class='ocrx_word' id='word_1_168' title='bbox 878 2934 979 3006; x_wconf 91' lang='lat' dir='ltr'><strong>uobis</strong></span> <span class='ocrx_word' id='word_1_169' title='bbox 997 2959 1083 3030; x_wconf 92' lang='lat' dir='ltr'><strong>opus</strong></span> <span class='ocrx_word' id='word_1_170' title='bbox 1102 2943 1189 3006; x_wconf 85' lang='lat' dir='ltr'><strong>erat.</strong></span> <span class='ocrx_word' id='word_1_171' title='bbox 1227 2931 1321 3006; x_wconf 88' lang='lat' dir='ltr'><strong>Situs</strong></span> <span class='ocrx_word' id='word_1_172' title='bbox 1346 2933 1521 3006; x_wconf 87' lang='lat' dir='ltr'><strong>vesiculae</strong></span> <span class='ocrx_word' id='word_1_173' title='bbox 1545 2936 1715 3028; x_wconf 66' lang='lat' dir='ltr'><strong>prestet</strong></span> 
     </span>
     <span class='ocr_line' id='line_1_22' title="bbox 330 3041 1718 3152; baseline -0.004 -26"><span class='ocrx_word' id='word_1_174' title='bbox 330 3077 391 3126; x_wconf 86' lang='lat' dir='ltr'><strong>cue</strong></span> <span class='ocrx_word' id='word_1_175' title='bbox 409 3067 444 3125; x_wconf 89' lang='lat' dir='ltr'><strong>et</strong></span> <span class='ocrx_word' id='word_1_176' title='bbox 461 3054 627 3152; x_wconf 89' lang='lat' dir='ltr'><strong>ductuum</strong></span> <span class='ocrx_word' id='word_1_177' title='bbox 654 3051 976 3148; x_wconf 81' lang='lat' dir='ltr'><strong>ejaculatoriarum.</strong></span> <span class='ocrx_word' id='word_1_178' title='bbox 1014 3041 1243 3120; x_wconf 86' lang='lat' dir='ltr'><strong>substantiam</strong></span> <span class='ocrx_word' id='word_1_179' title='bbox 1275 3056 1446 3143; x_wconf 89' lang='lat' dir='ltr'><strong>prostatae</strong></span> <span class='ocrx_word' id='word_1_180' title='bbox 1464 3049 1565 3120; x_wconf 88' lang='lat' dir='ltr'><strong>sicuti</strong></span> <span class='ocrx_word' id='word_1_181' title='bbox 1599 3051 1718 3143; x_wconf 84' lang='lat' dir='ltr'><strong>perle-</strong></span> 
     </span>
     <span class='ocr_line' id='line_1_23' title="bbox 330 3163 1715 3266; baseline -0.004 -26"><span class='ocrx_word' id='word_1_182' title='bbox 330 3169 497 3249; x_wconf 87' lang='lat' dir='ltr'><strong>rantium‚</strong></span> <span class='ocrx_word' id='word_1_183' title='bbox 517 3193 621 3264; x_wconf 92' lang='lat' dir='ltr'><strong>porro</strong></span> <span class='ocrx_word' id='word_1_184' title='bbox 640 3169 776 3239; x_wconf 85' lang='lat' dir='ltr'><strong>diversa</strong></span> <span class='ocrx_word' id='word_1_185' title='bbox 796 3166 981 3266; x_wconf 86' lang='lat' dir='ltr'><strong>longitudo</strong></span> <span class='ocrx_word' id='word_1_186' title='bbox 1000 3166 1251 3236; x_wconf 86' lang='lat' dir='ltr'><strong>diametrorum</strong></span> <span class='ocrx_word' id='word_1_187' title='bbox 1287 3164 1391 3256; x_wconf 84' lang='lat' dir='ltr'><strong>ipsius</strong></span> <span class='ocrx_word' id='word_1_188' title='bbox 1421 3163 1643 3258; x_wconf 85' lang='lat' dir='ltr'><strong>obliquorum</strong></span> <span class='ocrx_word' id='word_1_189' title='bbox 1678 3173 1715 3234; x_wconf 86' lang='lat' dir='ltr'><strong>et</strong></span> 
     </span>
     <span class='ocr_line' id='line_1_24' title="bbox 332 3262 1714 3374; baseline -0.003 -20"><span class='ocrx_word' id='word_1_190' title='bbox 332 3262 535 3366; x_wconf 79' lang='lat' dir='ltr'><strong>transversi,</strong></span> <span class='ocrx_word' id='word_1_191' title='bbox 567 3307 722 3356; x_wconf 89' lang='lat' dir='ltr'><strong>necnon</strong></span> <span class='ocrx_word' id='word_1_192' title='bbox 741 3287 828 3354; x_wconf 87' lang='lat' dir='ltr'><strong>situs</strong></span> <span class='ocrx_word' id='word_1_193' title='bbox 855 3281 1094 3353; x_wconf 89' lang='lat' dir='ltr'><strong>musculorum</strong></span> <span class='ocrx_word' id='word_1_194' title='bbox 1114 3289 1287 3374; x_wconf 90' lang='lat' dir='ltr'><strong>prostatae</strong></span> <span class='ocrx_word' id='word_1_195' title='bbox 1305 3281 1499 3352; x_wconf 87' lang='lat' dir='ltr'><strong>vicinorum</strong></span> <span class='ocrx_word' id='word_1_196' title='bbox 1517 3279 1613 3350; x_wconf 79' lang='lat' dir='ltr'><strong>nulla</strong></span> <span class='ocrx_word' id='word_1_197' title='bbox 1631 3301 1714 3350; x_wconf 76' lang='lat' dir='ltr'><strong>oua-</strong></span> 
     </span>
     <span class='ocr_line' id='line_1_25' title="bbox 334 3395 1714 3494; baseline -0.003 -24"><span class='ocrx_word' id='word_1_198' title='bbox 334 3399 462 3472; x_wconf 76' lang='lat' dir='ltr'><strong>tamira</strong></span> <span class='ocrx_word' id='word_1_199' title='bbox 481 3402 746 3494; x_wconf 77' lang='lat' dir='ltr'><strong>praeparatione</strong></span> <span class='ocrx_word' id='word_1_200' title='bbox 772 3409 842 3468; x_wconf 88' lang='lat' dir='ltr'><strong>tam</strong></span> <span class='ocrx_word' id='word_1_201' title='bbox 871 3399 940 3468; x_wconf 87' lang='lat' dir='ltr'><strong>rite</strong></span> <span class='ocrx_word' id='word_1_202' title='bbox 959 3397 1120 3491; x_wconf 87' lang='lat' dir='ltr'><strong>clareque</strong></span> <span class='ocrx_word' id='word_1_203' title='bbox 1147 3395 1350 3489; x_wconf 83' lang='lat' dir='ltr'><strong>exponitur.</strong></span> <span class='ocrx_word' id='word_1_204' title='bbox 1378 3415 1484 3488; x_wconf 90' lang='lat' dir='ltr'><strong>quam</strong></span> <span class='ocrx_word' id='word_1_205' title='bbox 1502 3395 1714 3466; x_wconf 85' lang='lat' dir='ltr'><strong>sectionibus</strong></span> 
     </span>
     <span class='ocr_line' id='line_1_26' title="bbox 331 3495 1714 3606; baseline -0.003 -22"><span class='ocrx_word' id='word_1_206' title='bbox 331 3515 460 3584; x_wconf 77' lang='lat' dir='ltr'><strong>uostris</strong></span> <span class='ocrx_word' id='word_1_207' title='bbox 488 3495 702 3585; x_wconf 85' lang='lat' dir='ltr'><strong>transversis.</strong></span> <span class='ocrx_word' id='word_1_208' title='bbox 739 3512 893 3584; x_wconf 88' lang='lat' dir='ltr'><strong>Pcrbene</strong></span> <span class='ocrx_word' id='word_1_209' title='bbox 918 3513 1163 3582; x_wconf 87' lang='lat' dir='ltr'><strong>demonstrant</strong></span> <span class='ocrx_word' id='word_1_210' title='bbox 1182 3533 1324 3606; x_wconf 86' lang='lat' dir='ltr'><strong>quoque</strong></span> <span class='ocrx_word' id='word_1_211' title='bbox 1340 3507 1510 3603; x_wconf 77' lang='lat' dir='ltr'><strong>ejusmodi</strong></span> <span class='ocrx_word' id='word_1_212' title='bbox 1541 3511 1714 3582; x_wconf 84' lang='lat' dir='ltr'><strong>sectiones</strong></span> 
     </span>
     <span class='ocr_line' id='line_1_27' title="bbox 333 3607 1712 3722; baseline -0.001 -25"><span class='ocrx_word' id='word_1_213' title='bbox 333 3627 647 3698; x_wconf 78' lang='lat' dir='ltr'><strong>conformationem</strong></span> <span class='ocrx_word' id='word_1_214' title='bbox 665 3630 839 3722; x_wconf 89' lang='lat' dir='ltr'><strong>situmque</strong></span> <span class='ocrx_word' id='word_1_215' title='bbox 859 3627 960 3720; x_wconf 90' lang='lat' dir='ltr'><strong>spatii</strong></span> <span class='ocrx_word' id='word_1_216' title='bbox 979 3607 1177 3696; x_wconf 81' lang='lat' dir='ltr'><strong>iacbioreeti</strong></span> <span class='ocrx_word' id='word_1_217' title='bbox 1212 3633 1247 3694; x_wconf 90' lang='lat' dir='ltr'><strong>et</strong></span> <span class='ocrx_word' id='word_1_218' title='bbox 1260 3625 1445 3718; x_wconf 84' lang='lat' dir='ltr'><strong>praecipue</strong></span> <span class='ocrx_word' id='word_1_219' title='bbox 1463 3625 1565 3718; x_wconf 89' lang='lat' dir='ltr'><strong>spatii</strong></span> <span class='ocrx_word' id='word_1_220' title='bbox 1584 3625 1712 3720; x_wconf 89' lang='lat' dir='ltr'><strong>subpu-</strong></span> 
     </span>
     <span class='ocr_line' id='line_1_28' title="bbox 336 3729 1710 3840; baseline -0.001 -28"><span class='ocrx_word' id='word_1_221' title='bbox 336 3741 422 3840; x_wconf 60' lang='lat' dir='ltr'><strong>tici„</strong></span> <span class='ocrx_word' id='word_1_222' title='bbox 450 3741 607 3814; x_wconf 88' lang='lat' dir='ltr'><strong>musculo</strong></span> <span class='ocrx_word' id='word_1_223' title='bbox 634 3741 789 3814; x_wconf 84' lang='lat' dir='ltr'><strong>levatura</strong></span> <span class='ocrx_word' id='word_1_224' title='bbox 807 3742 865 3812; x_wconf 93' lang='lat' dir='ltr'><strong>ani</strong></span> <span class='ocrx_word' id='word_1_225' title='bbox 884 3729 1036 3820; x_wconf 82' lang='lat' dir='ltr'><strong>limitati,</strong></span> <span class='ocrx_word' id='word_1_226' title='bbox 1057 3739 1116 3834; x_wconf 91' lang='lat' dir='ltr'><strong>qui</strong></span> <span class='ocrx_word' id='word_1_227' title='bbox 1135 3763 1238 3809; x_wconf 89' lang='lat' dir='ltr'><strong>ausae</strong></span> <span class='ocrx_word' id='word_1_228' title='bbox 1256 3739 1365 3809; x_wconf 89' lang='lat' dir='ltr'><strong>instar</strong></span> <span class='ocrx_word' id='word_1_229' title='bbox 1387 3741 1495 3826; x_wconf 86' lang='lat' dir='ltr'><strong>(conl.</strong></span> <span class='ocrx_word' id='word_1_230' title='bbox 1515 3763 1550 3810; x_wconf 90' lang='lat' dir='ltr'><strong>v.</strong></span> <span class='ocrx_word' id='word_1_231' title='bbox 1571 3763 1603 3813; x_wconf 87' lang='lat' dir='ltr'><strong>c.</strong></span> <span class='ocrx_word' id='word_1_232' title='bbox 1623 3739 1710 3811; x_wconf 85' lang='lat' dir='ltr'><strong>Tab.</strong></span> 
     </span>
     <span class='ocr_line' id='line_1_29' title="bbox 340 3841 1711 3950; baseline -0.002 -22"><span class='ocrx_word' id='word_1_233' title='bbox 340 3859 417 3944; x_wconf 78' lang='lat'><strong>17.)</strong></span> <span class='ocrx_word' id='word_1_234' title='bbox 434 3841 641 3950; x_wconf 66' lang='lat' dir='ltr'><strong>pronatum,</strong></span> <span class='ocrx_word' id='word_1_235' title='bbox 662 3857 864 3928; x_wconf 87' lang='lat' dir='ltr'><strong>intestinum</strong></span> <span class='ocrx_word' id='word_1_236' title='bbox 882 3867 1014 3928; x_wconf 89' lang='lat' dir='ltr'><strong>rectum</strong></span> <span class='ocrx_word' id='word_1_237' title='bbox 1040 3865 1075 3927; x_wconf 91' lang='lat' dir='ltr'><strong>et</strong></span> <span class='ocrx_word' id='word_1_238' title='bbox 1090 3854 1331 3950; x_wconf 86' lang='lat' dir='ltr'><strong>labyrinthum</strong></span> <span class='ocrx_word' id='word_1_239' title='bbox 1348 3876 1516 3926; x_wconf 89' lang='lat' dir='ltr'><strong>venosum</strong></span> <span class='ocrx_word' id='word_1_240' title='bbox 1534 3857 1711 3927; x_wconf 90' lang='lat' dir='ltr'><strong>Seutorini</strong></span> 
     </span>
     <span class='ocr_line' id='line_1_30' title="bbox 334 3971 1370 4044; baseline -0.006 0"><span class='ocrx_word' id='word_1_241' title='bbox 334 3971 497 4044; x_wconf 89' lang='lat' dir='ltr'><strong>includit.</strong></span> <span class='ocrx_word' id='word_1_242' title='bbox 1363 3977 1370 3983; x_wconf 89' lang='lat'>&#39;</span> 
     </span>
    </p>

    <p class='ocr_par' dir='ltr' id='par_1_4' title="bbox 331 4073 1721 5337">
     <span class='ocr_line' id='line_1_31' title="bbox 382 4073 1713 4183; baseline -0.003 -25"><span class='ocrx_word' id='word_1_243' title='bbox 382 4087 669 4181; x_wconf 86' lang='lat' dir='ltr'><strong>indagationibus</strong></span> <span class='ocrx_word' id='word_1_244' title='bbox 706 4086 855 4183; x_wconf 86' lang='lat' dir='ltr'><strong>denique</strong></span> <span class='ocrx_word' id='word_1_245' title='bbox 890 4089 1084 4160; x_wconf 87' lang='lat' dir='ltr'><strong>sectionum</strong></span> <span class='ocrx_word' id='word_1_246' title='bbox 1115 4095 1390 4158; x_wconf 77' lang='lat' dir='ltr'><strong>transversarum</strong></span> <span class='ocrx_word' id='word_1_247' title='bbox 1424 4083 1534 4179; x_wconf 90' lang='lat' dir='ltr'><strong>pelvis</strong></span> <span class='ocrx_word' id='word_1_248' title='bbox 1563 4073 1713 4155; x_wconf 81' lang='lat' dir='ltr'><strong>constat:</strong></span> 
     </span>
     <span class='ocr_line' id='line_1_32' title="bbox 335 4193 1715 4298; baseline -0.001 -26"><span class='ocrx_word' id='word_1_249' title='bbox 335 4203 459 4274; x_wconf 82' lang='lat' dir='ltr'><strong>Primo.</strong></span> <span class='ocrx_word' id='word_1_250' title='bbox 496 4203 643 4298; x_wconf 81' lang='lat' dir='ltr'><strong>Apicum</strong></span> <span class='ocrx_word' id='word_1_251' title='bbox 663 4202 736 4276; x_wconf 90' lang='lat' dir='ltr'><strong>sive</strong></span> <span class='ocrx_word' id='word_1_252' title='bbox 756 4213 888 4298; x_wconf 88' lang='lat' dir='ltr'><strong>partem</strong></span> <span class='ocrx_word' id='word_1_253' title='bbox 908 4203 1116 4274; x_wconf 89' lang='lat' dir='ltr'><strong>anteriorem</strong></span> <span class='ocrx_word' id='word_1_254' title='bbox 1136 4193 1316 4297; x_wconf 78' lang='lat' dir='ltr'><strong>prostitue·</strong></span> <span class='ocrx_word' id='word_1_255' title='bbox 1340 4223 1419 4270; x_wconf 87' lang='lat' dir='ltr'><strong>cum</strong></span> <span class='ocrx_word' id='word_1_256' title='bbox 1449 4209 1557 4272; x_wconf 87' lang='lat' dir='ltr'><strong>atrato</strong></span> <span class='ocrx_word' id='word_1_257' title='bbox 1587 4201 1715 4271; x_wconf 86' lang='lat' dir='ltr'><strong>libruso</strong></span> 
     </span>
     <span class='ocr_line' id='line_1_33' title="bbox 333 4315 1716 4414; baseline -0.001 -26"><span class='ocrx_word' id='word_1_258' title='bbox 333 4317 534 4397; x_wconf 86' lang='lat' dir='ltr'><strong>masculari.</strong></span> <span class='ocrx_word' id='word_1_259' title='bbox 567 4317 661 4414; x_wconf 91' lang='lat' dir='ltr'><strong>quod</strong></span> <span class='ocrx_word' id='word_1_260' title='bbox 680 4329 814 4414; x_wconf 87' lang='lat' dir='ltr'><strong>partem</strong></span> <span class='ocrx_word' id='word_1_261' title='bbox 837 4318 1138 4390; x_wconf 79' lang='lat' dir='ltr'><strong>membranaceum</strong></span> <span class='ocrx_word' id='word_1_262' title='bbox 1172 4316 1334 4389; x_wconf 89' lang='lat' dir='ltr'><strong>uretbrae</strong></span> <span class='ocrx_word' id='word_1_263' title='bbox 1358 4315 1616 4409; x_wconf 82' lang='lat' dir='ltr'><strong>circumcingit,</strong></span> <span class='ocrx_word' id='word_1_264' title='bbox 1643 4324 1716 4386; x_wconf 88' lang='lat' dir='ltr'><strong>tam</strong></span> 
     </span>
     <span class='ocr_line' id='line_1_34' title="bbox 335 4429 1712 4524; baseline -0.001 -21"><span class='ocrx_word' id='word_1_265' title='bbox 335 4431 455 4503; x_wconf 90' lang='lat' dir='ltr'><strong>intime</strong></span> <span class='ocrx_word' id='word_1_266' title='bbox 473 4443 673 4504; x_wconf 85' lang='lat' dir='ltr'><strong>contextum</strong></span> <span class='ocrx_word' id='word_1_267' title='bbox 692 4457 779 4512; x_wconf 86' lang='lat' dir='ltr'><strong>csse.</strong></span> <span class='ocrx_word' id='word_1_268' title='bbox 799 4443 839 4505; x_wconf 92' lang='lat' dir='ltr'><strong>ut</strong></span> <span class='ocrx_word' id='word_1_269' title='bbox 856 4433 1016 4505; x_wconf 87' lang='lat' dir='ltr'><strong>confiniis</strong></span> <span class='ocrx_word' id='word_1_270' title='bbox 1035 4432 1208 4504; x_wconf 89' lang='lat' dir='ltr'><strong>distinctis</strong></span> <span class='ocrx_word' id='word_1_271' title='bbox 1226 4441 1356 4504; x_wconf 74' lang='lat' dir='ltr'><strong>cureat,</strong></span> <span class='ocrx_word' id='word_1_272' title='bbox 1391 4431 1560 4502; x_wconf 82' lang='lat' dir='ltr'><strong>Secundo.</strong></span> <span class='ocrx_word' id='word_1_273' title='bbox 1596 4429 1712 4524; x_wconf 84' lang='lat' dir='ltr'><strong>(Cous.</strong></span> 
     </span>
     <span class='ocr_line' id='line_1_35' title="bbox 333 4546 1715 4644; baseline -0.001 -27"><span class='ocrx_word' id='word_1_274' title='bbox 333 4546 405 4619; x_wconf 88' lang='lat' dir='ltr'><strong>tab.</strong></span> <span class='ocrx_word' id='word_1_275' title='bbox 428 4549 501 4643; x_wconf 78' lang='lat'><strong>18).</strong></span> <span class='ocrx_word' id='word_1_276' title='bbox 534 4549 698 4620; x_wconf 88' lang='lat' dir='ltr'><strong>Canalem</strong></span> <span class='ocrx_word' id='word_1_277' title='bbox 726 4549 887 4622; x_wconf 89' lang='lat' dir='ltr'><strong>uretbrae</strong></span> <span class='ocrx_word' id='word_1_278' title='bbox 915 4551 1006 4618; x_wconf 85' lang='lat' dir='ltr'><strong>circa</strong></span> <span class='ocrx_word' id='word_1_279' title='bbox 1036 4558 1166 4640; x_wconf 88' lang='lat' dir='ltr'><strong>partem</strong></span> <span class='ocrx_word' id='word_1_280' title='bbox 1194 4547 1414 4644; x_wconf 85' lang='lat' dir='ltr'><strong>prostaticam</strong></span> <span class='ocrx_word' id='word_1_281' title='bbox 1445 4554 1621 4638; x_wconf 90' lang='lat' dir='ltr'><strong>aspectum</strong></span> <span class='ocrx_word' id='word_1_282' title='bbox 1644 4567 1715 4618; x_wconf 87' lang='lat' dir='ltr'><strong>non</strong></span> 
     </span>
     <span class='ocr_line' id='line_1_36' title="bbox 333 4658 1716 4768; baseline -0.001 -36"><span class='ocrx_word' id='word_1_283' title='bbox 333 4662 540 4734; x_wconf 88' lang='lat' dir='ltr'><strong>circularem</strong></span> <span class='ocrx_word' id='word_1_284' title='bbox 566 4662 624 4734; x_wconf 89' lang='lat' dir='ltr'><strong>sed</strong></span> <span class='ocrx_word' id='word_1_285' title='bbox 644 4668 758 4758; x_wconf 86' lang='lat' dir='ltr'><strong>potius</strong></span> <span class='ocrx_word' id='word_1_286' title='bbox 776 4665 885 4736; x_wconf 89' lang='lat' dir='ltr'><strong>rimae</strong></span> <span class='ocrx_word' id='word_1_287' title='bbox 903 4663 1149 4768; x_wconf 38' lang='lat' dir='ltr'><strong>semilunarisg</strong></span> <span class='ocrx_word' id='word_1_288' title='bbox 1174 4674 1315 4758; x_wconf 91' lang='lat' dir='ltr'><strong>propter</strong></span> <span class='ocrx_word' id='word_1_289' title='bbox 1343 4658 1574 4733; x_wconf 89' lang='lat' dir='ltr'><strong>monticulum</strong></span> <span class='ocrx_word' id='word_1_290' title='bbox 1602 4662 1716 4732; x_wconf 90' lang='lat' dir='ltr'><strong>semi-</strong></span> 
     </span>
     <span class='ocr_line' id='line_1_37' title="bbox 331 4775 1716 4875; baseline -0.002 -26"><span class='ocrx_word' id='word_1_291' title='bbox 331 4775 462 4857; x_wconf 81' lang='lat' dir='ltr'><strong>nalem.</strong></span> <span class='ocrx_word' id='word_1_292' title='bbox 483 4781 544 4873; x_wconf 91' lang='lat' dir='ltr'><strong>qui</strong></span> <span class='ocrx_word' id='word_1_293' title='bbox 564 4784 598 4850; x_wconf 93' lang='lat' dir='ltr'><strong>in</strong></span> <span class='ocrx_word' id='word_1_294' title='bbox 618 4803 759 4852; x_wconf 88' lang='lat' dir='ltr'><strong>caveam</strong></span> <span class='ocrx_word' id='word_1_295' title='bbox 778 4779 941 4852; x_wconf 87' lang='lat' dir='ltr'><strong>uretbrae</strong></span> <span class='ocrx_word' id='word_1_296' title='bbox 959 4781 1134 4875; x_wconf 89' lang='lat' dir='ltr'><strong>prominet</strong></span> <span class='ocrx_word' id='word_1_297' title='bbox 1152 4776 1262 4872; x_wconf 86' lang='lat' dir='ltr'><strong>(conl.</strong></span> <span class='ocrx_word' id='word_1_298' title='bbox 1284 4777 1372 4849; x_wconf 83' lang='lat' dir='ltr'><strong>Tab.</strong></span> <span class='ocrx_word' id='word_1_299' title='bbox 1395 4777 1453 4871; x_wconf 82' lang='lat'><strong>17)</strong></span> <span class='ocrx_word' id='word_1_300' title='bbox 1472 4775 1615 4848; x_wconf 87' lang='lat' dir='ltr'><strong>babere.</strong></span> <span class='ocrx_word' id='word_1_301' title='bbox 1634 4777 1716 4846; x_wconf 78' lang='lat' dir='ltr'><strong>Ter-</strong></span> 
     </span>
     <span class='ocr_line' id='line_1_38' title="bbox 334 4891 1716 4987; baseline -0.001 -23"><span class='ocrx_word' id='word_1_302' title='bbox 334 4895 396 4964; x_wconf 85' lang='lat' dir='ltr'><strong>tio.</strong></span> <span class='ocrx_word' id='word_1_303' title='bbox 411 4895 552 4968; x_wconf 87' lang='lat' dir='ltr'><strong>Partem</strong></span> <span class='ocrx_word' id='word_1_304' title='bbox 571 4895 870 4968; x_wconf 79' lang='lat' dir='ltr'><strong>membranaceum</strong></span> <span class='ocrx_word' id='word_1_305' title='bbox 906 4919 932 4966; x_wconf 90' lang='lat' dir='ltr'><strong>s.</strong></span> <span class='ocrx_word' id='word_1_306' title='bbox 952 4893 1117 4966; x_wconf 81' lang='lat' dir='ltr'><strong>isthmum</strong></span> <span class='ocrx_word' id='word_1_307' title='bbox 1135 4895 1298 4966; x_wconf 86' lang='lat' dir='ltr'><strong>urethrae</strong></span> <span class='ocrx_word' id='word_1_308' title='bbox 1317 4893 1360 4964; x_wconf 91' lang='lat' dir='ltr'><strong>ab</strong></span> <span class='ocrx_word' id='word_1_309' title='bbox 1374 4891 1504 4986; x_wconf 83' lang='lat' dir='ltr'><strong>angula</strong></span> <span class='ocrx_word' id='word_1_310' title='bbox 1518 4891 1716 4987; x_wconf 81' lang='lat' dir='ltr'><strong>sympbysis</strong></span> 
     </span>
     <span class='ocr_line' id='line_1_39' title="bbox 335 4995 1717 5104; baseline -0.003 -24"><span class='ocrx_word' id='word_1_311' title='bbox 335 5007 435 5101; x_wconf 90' lang='lat' dir='ltr'><strong>pubis</strong></span> <span class='ocrx_word' id='word_1_312' title='bbox 465 5009 509 5082; x_wconf 90' lang='lat' dir='ltr'><strong>ad</strong></span> <span class='ocrx_word' id='word_1_313' title='bbox 541 5013 554 5082; x_wconf 93' lang='lat' dir='ltr'><strong>l</strong></span> <span class='ocrx_word' id='word_1_314' title='bbox 587 5009 672 5104; x_wconf 89' lang='lat' dir='ltr'><strong>poll.</strong></span> <span class='ocrx_word' id='word_1_315' title='bbox 695 5011 771 5085; x_wconf 87' lang='lat' dir='ltr'><strong>Par.</strong></span> <span class='ocrx_word' id='word_1_316' title='bbox 802 5011 942 5098; x_wconf 80' lang='lat' dir='ltr'><strong>distare,</strong></span> <span class='ocrx_word' id='word_1_317' title='bbox 979 5011 1150 5104; x_wconf 84' lang='lat' dir='ltr'><strong>situmque</strong></span> <span class='ocrx_word' id='word_1_318' title='bbox 1180 5011 1286 5089; x_wconf 88' lang='lat' dir='ltr'><strong>bunc,</strong></span> <span class='ocrx_word' id='word_1_319' title='bbox 1311 4995 1477 5104; x_wconf 88' lang='lat' dir='ltr'><strong>quoniam</strong></span> <span class='ocrx_word' id='word_1_320' title='bbox 1495 5015 1610 5078; x_wconf 88' lang='lat' dir='ltr'><strong>textus</strong></span> <span class='ocrx_word' id='word_1_321' title='bbox 1628 5005 1717 5104; x_wconf 84' lang='lat' dir='ltr'><strong>liga·</strong></span> 
     </span>
     <span class='ocr_line' id='line_1_40' title="bbox 336 5121 1718 5220; baseline -0.001 -26"><span class='ocrx_word' id='word_1_322' title='bbox 336 5125 446 5196; x_wconf 89' lang='lat' dir='ltr'><strong>menti</strong></span> <span class='ocrx_word' id='word_1_323' title='bbox 465 5125 688 5220; x_wconf 88' lang='lat' dir='ltr'><strong>triangularis</strong></span> <span class='ocrx_word' id='word_1_324' title='bbox 706 5123 847 5196; x_wconf 79' lang='lat' dir='ltr'><strong>uratlrrd</strong></span> <span class='ocrx_word' id='word_1_325' title='bbox 866 5125 1032 5220; x_wconf 86' lang='lat' dir='ltr'><strong>perforati</strong></span> <span class='ocrx_word' id='word_1_326' title='bbox 1052 5149 1172 5220; x_wconf 90' lang='lat' dir='ltr'><strong>parum</strong></span> <span class='ocrx_word' id='word_1_327' title='bbox 1204 5123 1343 5196; x_wconf 88' lang='lat' dir='ltr'><strong>ductilis</strong></span> <span class='ocrx_word' id='word_1_328' title='bbox 1374 5124 1432 5206; x_wconf 83' lang='lat' dir='ltr'><strong>sit,</strong></span> <span class='ocrx_word' id='word_1_329' title='bbox 1448 5121 1718 5194; x_wconf 85' lang='lat' dir='ltr'><strong>immutabilem</strong></span> 
     </span>
     <span class='ocr_line' id='line_1_41' title="bbox 334 5231 1721 5337; baseline 0 -27"><span class='ocrx_word' id='word_1_330' title='bbox 334 5258 420 5313; x_wconf 79' lang='lat' dir='ltr'><strong>ease:</strong></span> <span class='ocrx_word' id='word_1_331' title='bbox 467 5243 609 5328; x_wconf 79' lang='lat' dir='ltr'><strong>Quarto.</strong></span> <span class='ocrx_word' id='word_1_332' title='bbox 630 5240 952 5312; x_wconf 72' lang='lat' dir='ltr'><strong>conformationem</strong></span> <span class='ocrx_word' id='word_1_333' title='bbox 972 5249 1157 5337; x_wconf 78' lang='lat' dir='ltr'><strong>prostatus,</strong></span> <span class='ocrx_word' id='word_1_334' title='bbox 1180 5248 1282 5336; x_wconf 87' lang='lat' dir='ltr'><strong>prout</strong></span> <span class='ocrx_word' id='word_1_335' title='bbox 1298 5241 1441 5335; x_wconf 89' lang='lat' dir='ltr'><strong>propius</strong></span> <span class='ocrx_word' id='word_1_336' title='bbox 1457 5231 1532 5310; x_wconf 79' lang='lat' dir='ltr'><strong>bisi</strong></span> <span class='ocrx_word' id='word_1_337' title='bbox 1552 5247 1612 5310; x_wconf 89' lang='lat' dir='ltr'><strong>aut</strong></span> <span class='ocrx_word' id='word_1_338' title='bbox 1628 5239 1721 5334; x_wconf 80' lang='lat' dir='ltr'><strong>apici</strong></span> 
     </span>
    </p>
   </div>
   <div class='ocr_carea' id='block_1_3' title="bbox 0 0 1856 6008">
    <p class='ocr_par' dir='ltr' id='par_1_5' title="bbox 0 0 1856 6008">
     <span class='ocr_line' id='line_1_42' title="bbox 0 0 1856 6008; baseline 0 0"><span class='ocrx_word' id='word_1_339' title='bbox 0 0 1856 6008; x_wconf 95' lang='lat' dir='ltr'><strong> </strong></span> 
     </span>
    </p>
   </div>
  </div>
 </body>
</html>
