3666 6002
910 623 1150 693 ..10-

345 812 512 906 sequitur,
544 809 635 877 viem
665 805 804 902 longum
833 816 868 878 et
897 805 1084 877 flexuosum
1115 807 1238 900 operit:
1259 813 1294 876 et
1311 804 1347 874 iu
1366 801 1488 874 itinere
1507 801 1573 872 hoc
1601 800 1704 873 simoi

345 949 425 998 cum
442 946 541 995 succo
559 922 746 1015 peritoneei
765 922 937 992 interdum
961 923 1065 992 etiem
1084 923 1244 993 intestine
1271 943 1385 991 cresse
1409 921 1612 990 mesenterio
1647 917 1704 989 de·

345 1040 476 1118 stitutu,
493 1035 707 1132 (intestinum
720 1059 859 1107 caecum
871 1045 906 1106 et
922 1034 1022 1105 coion
1040 1036 1262 1132 descendeus)
1277 1061 1296 1106 e
1311 1034 1496 1130 perietibus
1514 1034 1706 1106 abdominis

346 1155 510 1226 dimovet.
529 1153 655 1222 Totum
671 1150 761 1222 hunc
790 1151 891 1246 digiti
920 1160 1065 1222 tractum
1094 1160 1128 1222 ct
1156 1175 1231 1222 eam
1263 1151 1415 1221 intestini
1435 1150 1539 1221 croso
1557 1159 1704 1244 portem

346 1291 433 1364 quoe
451 1266 551 1338 simul
569 1287 647 1335 cum
672 1266 868 1359 peritomen
901 1266 990 1336 inter
1024 1266 1258 1360 operationem
1293 1267 1471 1337 vincturae
1493 1276 1559 1336 art.
1584 1265 1707 1336 iliacae

345 1382 535 1454 communie
552 1389 586 1450 et
602 1380 757 1451 internae
775 1404 795 1451 a
811 1380 940 1476 periete
969 1379 1161 1452 abdominis
1190 1369 1407 1464 dimovetur‚*
1430 1379 1600 1451 sectiones
1618 1381 1706 1453 obli·

347 1519 436 1593 quee
453 1495 545 1566 ciere
563 1494 756 1567 ostendunt.

392 1611 440 1683 Ut
455 1621 568 1680 eutem
586 1608 622 1678 in
641 1607 734 1680 hisce
751 1609 959 1681 sectionibus
976 1609 1136 1681 distentio
1153 1610 1222 1682 ioci
1240 1609 1419 1682 incisionis
1440 1611 1484 1682 ob
1503 1613 1629 1682 erteriu
1648 1611 1706 1682 de·

345 1723 485 1820 ligando
503 1747 650 1794 necnon
668 1731 758 1794 totus
774 1723 921 1795 embitus
938 1724 1044 1818 pertis
1061 1726 1263 1819 peritoneoi‚
1283 1747 1371 1820 quoe
1388 1726 1423 1795 in
1438 1725 1637 1818 operatione
1655 1727 1709 1798 di-

346 1839 418 1933 gito
435 1839 639 1932 sejungitur,
657 1839 779 1910 melius
797 1839 832 1908 in
850 1849 1068 1934 conspectum
1096 1840 1241 1922 veniret,
1269 1842 1384 1912 omnio
1401 1841 1560 1912 intestine
1578 1863 1707 1936 conge·

346 1952 415 2024 lete
440 1976 459 2023 e
483 1975 587 2024 ceree
613 1953 816 2048 perdomui,
852 1963 931 2048 post
958 1955 1144 2026 sectionem
1173 1955 1362 2026 institutum
1395 1956 1538 2041 removi,
1576 1956 1709 2028 relictis

346 2067 582 2250 tongummodo
600 2067 760 2141 intestino
774 2091 876 2141 coeco
893 2079 929 2140 ot
942 2069 1019 2141 colo
1038 2068 1262 2141 descendente
1280 2072 1316 2141 iu
1329 2071 1397 2142 situ
1417 2071 1568 2166 proprio.
1588 2073 1706 2162 (Geni.

345 2181 395 2253 Te
422 2233 430 2253 .
453 2184 511 2266 te,
534 2183 704 2274 tlt-15).
