3736 6008
743 511 989 586 ...an-

175 771 310 846 domato
329 785 359 845 et
372 775 539 848 abdominis
563 779 695 849 omnium
712 783 804 850 trium
820 781 997 852 orianorum
1016 774 1097 848 ritiis
1115 777 1265 870 organicis
1282 762 1438 867 correptae
1454 759 1551 865 erant,

177 905 247 975 loon
265 909 358 999 igitur
374 910 449 980 baee
466 913 555 980 situm
572 932 753 1006 organorum
770 915 909 983 morbose
926 921 1072 981 mutatum
1090 917 1306 1000 repraesentat.

175 1053 259 1150 Fig.
283 1059 315 1128 l.
335 1059 436 1131 Sentio
454 1071 624 1132 transversa
642 1057 701 1153 per'
713 1063 919 1154 cartilaginem
935 1072 1035 1132 costae
1054 1063 1124 1146 8¹⁰,
1144 1084 1197 1153 per
1211 1071 1311 1132 oostas
1330 1061 1554 1148 9·““,--1ἳ·ιιι

224 1203 258 1260 et
274 1213 327 1281 per
344 1196 511 1286 marginem
529 1197 664 1266 inimum
682 1199 815 1286 eorporis
831 1198 988 1267 vertebrae
1006 1197 1086 1264 dorsi
1107 1195 1187 1266 ΙΨ
1207 1195 1306 1264 duom.

275 1341 409 1416 Cadaver
432 1349 589 1417 admodum
622 1348 814 1416 monitorium
833 1368 869 1416 ex
886 1349 1063 1416 inanitione.-
1081 1343 1198 1419 ,Paries
1226 1347 1359 1415 anterior
1387 1345 1554 1414 abdominis

223 1477 372 1530 noneavus
390 1470 421 1530 et
436 1463 591 1532 oolumnae
608 1461 768 1531 vertebvali
786 1463 1048 1552 appropinquantes.
1070 1457 1183 1529 Carum
1203 1461 1365 1548 peritonaei
1378 1461 1551 1530 exsulatum

227 1593 367 1644 aerosum
385 1577 461 1646 inter
476 1597 567 1648 ansas
594 1578 803 1647 intestinorum
829 1578 996 1667 dispersum
1015 1577 1158 1646 eontinet.
1186 1573 1334 1645 intestina
1361 1595 1464 1646 orasse
1497 1595 1552 1668 gas

226 1691 391 1764 continent.

275 1857 383 1928 Facies
400 1861 544 1930 sectionis
561 1860 698 1932 inierior.
720 1899 767 1913 -
785 1861 826 1930 Α.
849 1859 1003 1950 cartilago
1028 1871 1127 1930 costae
1149 1861 1216 1932 8¹⁰·
1235 1898 1284 1912 —
1303 1859 1344 1928 B.
1367 1857 1406 1929 G.
1429 1857 1476 1926 D.
1503 1857 1547 1925 E.

225 1972 337 2044 Cestae
355 1975 392 2046 9·
411 2014 460 2028 -
477 1975 678 2046 lemn-r.
699 1975 809 2066 Margo
823 1977 946 2046 inlerior
959 1979 1094 2064 eorporis
1107 1975 1263 2044 vertebrae
1280 1975 1362 2042 dorsi
1382 1973 1551 2044 agnas...

226 2087 269 2156 G.
291 2087 455 2158 Prodessns
472 2093 611 2178 spinosus
628 2092 715 2179 hujus
732 2090 899 2159 vertebrae.
916 2128 964 2142 -
977 2111 1010 2160 u.
1034 2113 1067 2160 o.
1092 2113 1126 2158 o.
1147 2089 1364 2180 Diapbragma.
1387 2126 1434 2141 -
1454 2088 1485 2156 b.
1516 2087 1549 2157 b.

224 2226 256 2273 e.
274 2225 303 2273 e.
323 2201 428 2274 Ultimi
446 2205 556 2275 limites
570 2224 727 2274 sannorum
746 2205 871 2297 plenrne
887 2205 981 2274 dextri
999 2215 1029 2274 et
1045 2206 1162 2274 sinistri
1175 2201 1391 2274 lateris.·-n'.
1403 2199 1496 2284 o'.o’,
1507 2201 1549 2272 o’.

224 2315 353 2388 Lamina
370 2319 524 2407 parientis
542 2321 706 2408 peritonaei
723 2331 754 2388 et
770 2321 893 2388 inilenio
910 2321 1004 2408 ipsius
1021 2319 1235 2413 (dextrorsum)
1252 2321 1283 2388 in
1295 2317 1439 2388 laminam
1453 2326 1552 2388 exter·

224 2453 294 2502 nam
313 2436 456 2504 mesneoli
472 2435 674 2502 ascendentis.
693 2472 742 2486 -
761 2432 828 2504 c'”.
848 2433 1007 2504 Transitus
1024 2435 1156 2504 laminae
1175 2437 1309 2504 internae
1338 2434 1481 2504 mesoenli
1507 2435 1548 2501 si·

223 2551 311 2618 nistri
340 2551 371 2618 in
400 2550 542 2618 laminam
568 2550 721 2618 sinistram
748 2551 919 2618 mesenlerii
941 2547 1015 2641 (fl).
1031 2587 1079 2602 -
1098 2549 1130 2618 d.
1153 2573 1182 2617 e.
1203 2548 1294 2617 Colon
1313 2549 1491 2634 ascendens,
1520 2551 1550 2617 in

224 2664 338 2736 duobus
359 2666 433 2733 loeis
457 2685 546 2753 prope
570 2663 716 2734 lienuram
742 2665 874 2734 dextram
901 2675 931 2734 et
959 2669 988 2734 in
1015 2665 1092 2748 loeo,
1119 2666 1171 2732 ubi
1193 2666 1364 2732 intestinum
1397 2663 1456 2732 hoo
1484 2665 1551 2732 reni

224 2780 326 2848 dentre
342 2781 472 2866 innubit,
492 2781 753 2870 permotum-f.
771 2780 798 2870 s.
816 2777 949 2869 Utraque
961 2780 1071 2850 lamina
1087 2781 1259 2850 mesenterii
1277 2781 1393 2865 (dentre
1411 2787 1441 2846 et
1457 2776 1551 2849 sinis-

223 2891 283 2984 tra)
312 2914 402 2984 propo
418 2897 577 2964 transitum
594 2899 624 2964 in
643 2898 784 2966 landinum
801 2897 948 2963 internam
962 2897 1107 2963 meseonli
1120 2897 1234 2964 sinistri
1249 2891 1362 2984 (oms),
1376 2895 1407 2962 in
1419 2891 1473 2984 [²².
1490 2889 1546 2982 [”.

222 3009 364 3080 laminam
405 3011 577 3081 inleriorenv
611 3013 752 3081 mesoonli
785 3013 950 3080 transversi
983 3019 1013 3078 et
1049 3011 1190 3078 laminam
1224 3014 1372 3078 internam
1408 3007 1549 3076 mesnenli

222 3124 319 3194 deutri
351 3147 380 3194 s.
417 3128 616 3196 ascendentia.
645 3163 691 3180 -
718 3149 751 3216 9.
800 3125 921 3194 Initium
955 3127 1087 3194 intestini
1107 3127 1202 3213 jejuni
1236 3125 1330 3192 radioi
1377 3119 1549 3192 mesenteril

223 3239 384 3308 adnexum.
402 3275 451 3292 -
468 3239 501 3308 lv.
531 3239 632 3308 Pontio
656 3251 827 3310 transversa
852 3241 976 3308 inierior
1006 3240 1144 3324 duodeni,
1172 3239 1262 3308 simul
1288 3257 1357 3308 enm
1391 3248 1550 3325 pauoruate

242 3355 300 3440 (m)
340 3353 448 3421 lamina
477 3354 580 3420 infima
612 3357 754 3424 mesnooli
784 3354 948 3422 transversi
980 3351 1089 3444 (W.)
1122 3356 1241 3422 vestita.
1269 3390 1318 3404 —
1350 3353 1365 3420 ι’
1380 3352 1396 3419 i
1411 3353 1435 3424 i.
1457 3350 1489 3420 lc.
1511 3350 1545 3420 le.

224 3465 329 3536 Anseo
373 3467 578 3536 intestinorum
625 3471 769 3550 tenuium,
819 3489 944 3558 quarum
992 3470 1148 3538 nonnullae
1194 3467 1320 3564 (tit.)
1368 3469 1550 3535 mesenterio

223 3581 299 3649 inter
316 3601 350 3648 se
370 3581 492 3669 junctae
521 3592 646 3652 suntet
677 3587 706 3652 in
741 3586 881 3654 exsudatn
909 3583 1261 3653 serranorum-1.
1299 3581 1392 3651 Colon
1422 3582 1545 3649 deseen-

222 3696 295 3766 dens
309 3716 366 3764 nnn
384 3697 487 3784 prount
504 3717 522 3764 a
538 3709 697 3768 ourvatnra
728 3701 852 3768 sinistra
869 3699 927 3767 ooli
945 3701 1109 3768 transversi
1135 3709 1315 3788 perseotnm.
1337 3735 1383 3747 -
1402 3718 1447 3765 m.
1469 3691 1546 3763 Par·
1571 3778 1577 3790 ·

221 3811 312 3880 tinulo
329 3813 464 3898 eorporis
482 3817 649 3902 nanoveatis
667 3816 776 3884 lamina
803 3815 943 3884 inieriure
967 3815 1110 3884 mesneoli
1139 3815 1303 3884 transversi
1333 3819 1423 3881 tenta.
1442 3833 1541 3883 -on

221 3923 329 4016 Margo
352 3927 474 3996 inierinr
496 3929 556 3996 lobi
579 3930 673 3998 dextri
697 3931 826 4020 hepatis,
858 3931 1008 4000 inuoluere
1029 3951 1132 3998 sernso
1154 3933 1291 4013 restitus,
1325 3937 1356 3996 et
1384 3926 1478 3996 libere
1511 3927 1543 3994 in

220 4061 292 4112 cavo
306 4043 467 4129 peritonaei
485 4053 660 4114 natans-
675 4069 707 4114 n.
728 4047 836 4136 Margo
855 4047 979 4114 inferior
995 4047 1083 4114 lienis
1096 4045 1186 4133 gaulo
1202 4044 1366 4112 tumelaeti.
1384 4077 1432 4092 -
1445 4063 1483 4130 p.
1500 4063 1538 4131 p.

219 4155 399 4228 lnileviones
416 4160 592 4245 peritonaei,
612 4181 687 4249 qnae
705 4163 898 4251 ligamentum
916 4161 1164 4248 phrenieolieuale
1183 4173 1212 4228 et
1229 4156 1431 4228 nolioulienala
1449 4157 1539 4224 babe-

220 4275 247 4342 ri
271 4282 406 4362 possunt.
426 4309 473 4322 -·
492 4293 524 4361 q.
558 4273 624 4344 lien
649 4277 771 4344 sinister
797 4295 887 4363 supra
912 4276 1005 4344 bilnm
1031 4287 1061 4344 et
1085 4297 1114 4346 r.
1139 4297 1193 4344 ren
1214 4276 1337 4342 sinister
1366 4293 1417 4361 per
1447 4273 1540 4342 bilem

218 4389 315 4476 ipsum
332 4388 473 4478 persenti.
495 4423 541 4440 -
558 4409 586 4458 a.
608 4387 693 4459 Vena
712 4411 786 4462 cava
805 4390 941 4460 inlerior.
964 4428 1010 4442 -
1029 4404 1053 4460 t.
1076 4389 1171 4460 nora
1190 4389 1397 4458 abdominalis.

166 4571 248 4664 Fig.
266 4575 301 4640 2.
323 4569 426 4641 Sentio
443 4581 613 4642 transversa
632 4597 683 4664 per
702 4577 867 4668 marginem
885 4577 1022 4645 iulrmum
1039 4576 1224 4666 cartilaginis
1240 4585 1341 4646 oostao
1360 4575 1443 4646 ymno
1468 4575 1538 4643 dex·

215 4716 280 4774 trae
296 4715 330 4774 et
341 4726 395 4798 por
413 4707 620 4800 cartilaginem
637 4719 739 4781 nostae
757 4710 813 4778 8⁸·
832 4711 966 4796 dextrae,
987 4729 1039 4798 per
1057 4715 1154 4776 costas
1168 4709 1391 4794 8⁸⁰¹-lim,
1407 4729 1464 4778 neo
1481 4727 1538 4776 non

201 4825 270 4930 ¹per
286 4858 394 4928 eorpus
410 4840 566 4910 vertebrae
588 4841 756 4912 lumborum
770 4841 845 4914 9⁶⁸⁰
862 4844 897 4913 ad
916 4844 938 4912 l·
957 4842 1010 4910 lin.
1030 4839 1102 4911 Par.
1119 4861 1208 4932 snpra
1221 4845 1428 4936 cartilaginem
1446 4843 1539 4911 inter-

215 4971 427 5055 vertendam,
445 4971 544 5042 dueta.

263 5102 399 5175 Cadaver
414 5103 542 5174 bominis
560 5107 665 5187 adulti,
684 5111 894 5198 quiensudnto
912 5107 1067 5194 pleuritico
1091 5111 1207 5177 enormi
1228 5109 1427 5204 (soorbutioae
1444 5105 1537 5173 indo-

214 5217 267 5316 lis)
298 5217 402 5289 lateris
428 5219 541 5289 sinistri
564 5223 730 5298 laborabat.
759 5225 919 5294 Praeterea
938 5243 1008 5291 aava
1026 5223 1147 5311 pleurae
1164 5227 1296 5310 dextrae,
1318 5219 1476 5314 perioardii
1506 5231 1537 5288 et

214 5337 379 5428 paritenaei
394 5337 485 5408 etiam
501 5341 676 5414 exsulatum
698 5363 833 5414 sarosnm
857 5339 1056 5408 eontinebnnt.
1081 5335 1164 5410 Silus
1194 5343 1324 5410 omnium
1354 5353 1537 5428 organorum
