3682 6004
689 511 937 588 ..ffi-

121 783 317 846 trausrerse
347 784 500 869 porrecta
536 773 595 856 ait,
631 771 802 847 diversam
819 794 908 845 orsae
943 773 1016 844 iera
1033 771 1219 848 rotundam
1235 771 1338 868 (Τὼ.
1357 775 1419 856 m,
1438 774 1501 867 dh)

120 911 226 983 prope
263 888 398 983 apicem
429 898 463 960 et
494 888 657 960 isthmum
692 887 869 971 methrae,
892 886 1151 961 cordilormnm
1184 888 1221 961 in
1260 887 1373 962 medie
1406 901 1502 983 parte

121 1001 221 1096 (Tele.
236 1006 317 1099 24);
336 1003 408 1074 iere
427 1000 704 1099 quadrangulam
720 1027 830 1099 prope
847 1003 960 1076 basin.
1013 1022 1016 1028 ·

164 1117 290 1190 Plures
312 1117 595 1190 adumbrationes
621 1129 799 1213 praeterea
823 1127 1014 1213 prostatem
1033 1117 1171 1191 diverso
1197 1116 1316 1201 modo,
1344 1117 1437 1212 quod
1465 1117 1501 1191 in

117 1230 265 1324 dirersis
289 1233 515 1305 lithotomiae
543 1231 716 1304 methodis
734 1233 875 1312 accidit.
895 1242 1105 1305 transactam
1136 1242 1171 1304 et
1189 1231 1312 1304 deinde
1344 1233 1381 1304 in
1399 1232 1500 1306 ceda-

117 1369 197 1416 rere
216 1347 402 1443 congelato
420 1359 589 1419 tresrersc
608 1359 800 1443 persectam
814 1347 998 1442 effingunt.
1149 1401 1152 1410 .

163 1461 220 1533 Ad
240 1464 360 1534 icones
377 1460 451 1550 hes,
470 1485 560 1557 qnae
579 1463 816 1558 operationem
844 1461 1065 1535 lithotomiao
1080 1461 1303 1558 perlustrant.
1330 1462 1418 1534 hene
1448 1463 1502 1534 in-

115 1575 324 1671 tolligendas
338 1577 422 1648 heoc
440 1577 625 1649 ohservare
642 1600 781 1649 necesse
801 1589 866 1650 est:
903 1580 970 1649 1⁰²⁰
988 1578 1168 1650 Sectiones
1184 1576 1277 1650 hunc
1293 1576 1337 1649 ed
1355 1600 1499 1672 scopum

114 1715 175 1785 par
190 1691 322 1781 pelvim
336 1691 509 1764 minorem
526 1692 647 1764 ductas
678 1694 788 1785 (coni.
824 1691 911 1764 Tah.
931 1693 1095 1788 22-27)
1115 1690 1323 1788 plerumque
1336 1692 1500 1764 directio·

114 1827 193 1877 nem
210 1829 282 1878 non
296 1805 361 1878 rite
380 1815 624 1888 transversam,
641 1808 706 1879 sed·
719 1811 835 1903 potius
853 1807 999 1903 ohliquo
1018 1819 1251 1896 transversum
1269 1811 1378 1903 coqui,
1399 1810 1447 1879 ita
1461 1819 1500 1880 ut

114 1923 206 1995 linea
230 1947 352 1996 secans
370 1949 389 1994 e
408 1925 585 2020 symphys'i
605 1925 705 2020 pubis
723 1925 827 1997 modo
846 1924 1026 2008 deorsum,
1046 1923 1151 1996 modo
1168 1921 1272 2017 paulo
1291 1945 1426 1995 sursum
1447 1923 1497 1995 di·

114 2050 213 2110 recta
228 2041 287 2117 sit.
320 2039 413 2134 quod
431 2062 477 2113 ex
496 2050 593 2135 parte
616 2038 792 2111 ediverso
813 2038 925 2132 gradu
945 2038 1183 2111 inclinationis
1202 2037 1312 2132 pelris
1330 2039 1366 2111 in
1385 2038 1499 2112 direr-

113 2156 160 2226 sis
177 2155 422 2236 cadaveribus,
442 2178 487 2224 cx
501 2165 598 2248 perte
614 2153 786 2226 ediverso
801 2154 883 2235 situ,
899 2153 936 2225 in
950 2177 1019 2249 quo
1039 2152 1157 2248 pelves
1173 2152 1253 2246 palu
1271 2161 1412 2228 coactae
1428 2164 1496 2225 ste·

112 2267 237 2342 hilitae
262 2281 373 2348 erem,
402 2267 631 2363 dependebat.
662 2269 789 2376 partim
806 2291 891 2339 roro
908 2292 951 2340 oo
969 2269 1147 2364 proposito
1165 2290 1186 2339 a
1202 2290 1258 2341 me
1279 2268 1410 2342 facturn
1430 2279 1495 2354 est,

112 2396 150 2455 ut
169 2397 285 2481 partes
310 2385 472 2458 methrae
490 2394 525 2457 et
542 2394 731 2481 prostatae,
769 2389 861 2456 iuter
886 2387 1126 2482 operationem
1143 2383 1269 2469 laesae,
1291 2383 1419 2456 clarius
1435 2408 1499 2459 cx·

111 2513 304 2594 ponantur.
334 2503 395 2574 2⁶⁰.
412 2499 551 2595 plagam
572 2509 746 2594 prostatae
770 2499 962 2579 inflictam,
984 2499 1137 2578 etiamsi,
1155 2508 1196 2570 ut
1214 2521 1289 2572 mes
1305 2509 1370 2580 est.
1390 2499 1433 2574 'in
1450 2503 1498 2572 si·
1565 2583 1569 2593 Ι

112 2617 224 2686 nistre
253 2617 362 2686 latere
396 2614 550 2709 perinaei
576 2615 755 2686 cederetis
780 2613 934 2697 ductam,
967 2616 1040 2685 iere
1058 2615 1260 2708 compenis
1279 2615 1494 2690 sectionibus

111 2731 225 2823 pelvis
242 2717 446 2802 transversis
459 2731 634 2803 sinistrum
652 2729 792 2803 lectoris
809 2739 978 2824 spectare,
996 2728 1084 2824 (vid.
1100 2729 1188 2800 Teb.
1203 2729 1381 2816 ltu-ul).
1400 2729 1495 2826 qnod

110 2847 218 2917 lacile
237 2846 446 2942 explicatur,
478 2847 508 2916 si
538 2847 575 2916 in
594 2847 799 2916 memoriam
817 2867 961 2916 revoces
978 2846 1014 2916 in
1033 2843 1160 2916 tabulis
1177 2844 1232 2918 his
1250 2845 1374 2918 faciem
1391 2867 1493 2940 snpe-

109 2963 242 3034 riorem
261 2961 433 3056 segmenti
453 2959 565 3036 intimi
584 2960 696 3054 pelvis
714 2969 889 3056 persectae
914 2958 970 3030 rol
996 2959 1123 3030 luciam
1148 2959 1303 3032 iu’fimam
1330 2961 1494 3034 sectionis

103 3075 352 3148 adumbratam
373 3099 461 3148 esse.

152 3191 303 3286 Effigies
336 3191 398 3261 has
426 3187 717 3284 perlustrantibus
746 3187 862 3271 nohis,
896 3188 1097 3274 discrimen,
1116 3190 1211 3284 quod
1230 3189 1320 3262 inter
1337 3190 1492 3263 diversas

102 3305 331 3376 lithotomiee
351 3303 533 3374 methodos
545 3313 611 3383 eet,
628 3313 663 3372 et
676 3302 856 3374 commode
871 3302 1163 3399 incommodaque
1180 3304 1327 3377 dirersis
1344 3327 1491 3400 operan·
1606 3321 1615 3340 ⁸

102 3419 140 3490 di
161 3419 279 3492 modis
295 3417 451 3516 proprie,
483 3419 686 3514 praesertim
715 3442 759 3489 ox
776 3419 1038 3514 comparatione
1055 3442 1135 3491 cum
1154 3419 1314 3493 iconihns
1332 3422 1490 3494 fasciculi

104 3537 174 3607 uu.
198 3535 290 3608 clare
324 3532 545 3638 cst-distincte
562 3532 763 3607 elucebunt.
797 3534 1325 3629 ·Siccontomplationeiconum
1342 3538 1491 3609 uus-uo

107 3651 283 3722 diversam
300 3637 544 3727 directionem.
563 3648 818 3721 dimensionem
837 3649 1083 3744 diversumque
1096 3661 1274 3746 aspectum
1293 3653 1487 3747 plagarum.

108 3791 201 3864 quee
219 3777 391 3862 prostatae
411 3776 448 3838 et
460 3766 553 3838 collo
571 3765 707 3836 vesicae
724 3764 767 3835 ad
785 3765 960 3836 calculum
991 3763 1245 3838 extrahendum
1263 3765 1485 3860 infliguntur.

108 3881 290 3977 multaque
307 3881 390 3963 elia,
422 3901 511 3977 qnae
541 3882 578 3951 in
606 3880 839 3975 dijudicandis
851 3881 1029 3976 periculis.
1050 3880 1177 3975 quihus
1193 3879 1394 3954 lithotomia
1411 3907 1486 3954 rer·

108 4009 219 4078 satur,
246 4007 351 4092 atquo
368 3992 540 4076 consiliis.
568 4017 657 4091 quae
676 3997 712 4066 in
730 3997 935 4090 operatione
947 3995 1018 4066 hac
1036 3995 1250 4068 instituenda
1268 3997 1367 4094 sequi
1385 4021 1487 4094 opor·

108 4121 169 4196 tet,
191 4113 257 4183 rite
274 4112 531 4207 cognoscimus.
656 4124 659 4132 '
1054 4133 1058 4140 ·

155 4229 348 4322 Praecipue
377 4248 461 4298 vero
492 4226 557 4296 hee
586 4227 786 4319 questiones
816 4225 1037 4320 chirurgicus
1067 4227 1243 4322 captiosae
1276 4228 1486 4302 sectionibus

107 4342 236 4414 nostris
253 4339 481 4437 probabiliter
498 4339 631 4411 solutae
648 4349 743 4412 suet:

157 4459 195 4528 lt
214 4457 252 4527 ln
272 4454 436 4527 methodo
454 4456 682 4548 cystotomiae
700 4453 850 4535 laterali,
865 4455 953 4526 erleo
971 4455 1050 4549 lega
1063 4453 1150 4526 artis
1161 4455 1334 4539 instituta,
1349 4457 1484 4555 plegem

107 4580 280 4664 prostatae
300 4571 468 4642 inllictam
486 4591 557 4640 non
573 4591 724 4664 semper.
755 4580 796 4639 ut
812 4581 972 4641 auctores
999 4569 1145 4648 docent.
1181 4569 1365 4646 directioni
1395 4575 1484 4648 radii

105 4683 260 4757 lateralis
278 4686 454 4757 inferioris
471 4684 576 4779 hujus
593 4683 780 4780 glandulae
798 4685 1020 4780 respondere.
1210 4664 1215 4683 ¹

151 4804 192 4874 2.
212 4801 369 4896 Plapam.
391 4822 460 4894 qna
478 4800 598 4870 cervix
615 4800 753 4872 'vesicae
772 4801 905 4894 patelit,
924 4802 1106 4896 praecipue
1124 4801 1161 4872 in
1175 4805 1383 4896 cyatotomia
1398 4804 1485 4877 lats·

106 4915 307 4996 celerarius
324 4917 360 4986 in
377 4914 567 4994 bileterali‚
587 4915 773 4988 circuitum
788 4925 965 5011 prostatae
982 4915 1164 5000 excedere,
1184 4927 1288 5015 atque
1305 4920 1481 5015 capsulam

106 5030 449 5124 resicoprostaticam
468 5039 505 5100 et
519 5029 662 5102 fasciam
679 5029 963 5103 rectovesicelem
980 5030 1087 5104 laedi.

152 5147 190 5216 3.
211 5149 250 5216 lu
269 5143 462 5217 encheiresi
488 5147 512 5217 e‘
526 5168 582 5216 me
601 5144 961 5240 commendata.quae
978 5145 1015 5218 in
1033 5146 1194 5241 plurimis
1213 5159 1249 5220 et
1263 5149 1381 5244 parvis
1395 5149 1482 5224 inci·

106 5258 264 5332 sionibus
281 5269 454 5356 prostatae
470 5261 570 5334 racia
587 5258 781 5335 directione
803 5260 916 5334 ductis
940 5271 976 5333 et
992 5262 1160 5358 peculiari
1184 5261 1329 5338 cultello
1347 5265 1484 5342 iustitu-
