3736 6008
687 501 931 578 *tt-

165 775 321 858 percoctae
336 767 445 844 iisdem
462 768 557 840 literis
570 769 741 862 mpori.
762 767 871 842 -.Δ.
897 765 1008 859 Mento
1023 767 1169 856 superior
1190 765 1495 859 commiscum

169 900 238 970 8¹⁰·
255 901 365 972 -B.
382 899 533 992 Cartiiago
546 909 577 970 et
589 909 672 974 coste
690 902 728 972 8·
759 937 809 967 -v
828 898 867 970 G.
888 899 936 972 D.
952 898 998 972 Ε.
1013 899 1058 969 Ε.
1077 897 1185 970 Castae
1203 899 1366 970 tt·-.tu·-
1383 899 1492 970 -·.G.
1576 917 1580 924 ·

167 1029 286 1122 Corpus
299 1033 454 1104 uertebrae
471 1035 552 1105 dorsi
569 1036 648 1104 19¹0
662 1037 701 1104 ad
712 1035 734 1103 d
747 1035 803 1106 lin.
820 1032 895 1103 Par.
910 1033 1227 1124 intransitionem,
1240 1044 1316 1119 onoc
1328 1033 1496 1105 vertebram

166 1167 246 1238 hanc
282 1189 350 1236 cum
385 1169 522 1238 vertebra
555 1168 677 1238 lumbaii
716 1169 879 1258 injungit,
910 1177 1059 1256 persocia.
1080 1205 1126 1219 —
1147 1165 1415 1238 mutuemus
1443 1170 1497 1238 ab·

166 1300 311 1371 dominis.
329 1337 380 1352 -
396 1301 428 1370 1.
443 1299 491 1372 M.
513 1298 662 1391 Obliquus
678 1301 843 1370 abdominis
859 1311 1013 1372 erternus.
1032 1301 1143 1374 ..e-⁴14,
1162 1299 1211 1371 tt.
1230 1299 1495 1371 Ladssinusdor·

166 1433 313 1506 sn-u.
328 1432 377 1503 M.
393 1433 534 1504 Serratus
546 1437 678 1524 posticus
691 1435 884 1505 interiore—
896 1430 946 1501 Μ.
963 1431 1010 1504 Μ.
1024 1430 1277 1504 Saerelonoatie
1289 1432 1385 1503 -Ν,
1393 1433 1438 1506 Ν.
1447 1433 1494 1504 Ν.

165 1563 249 1636 nrm.
270 1565 495 1662 interoostoles.
512 1607 563 1622 ·—
582 1566 623 1638 0.
646 1567 689 1639 0.
713 1569 756 1640 0.
787 1567 1003 1662 Diepdrapma',
1027 1566 1409 1656 propediatomoortionn
1429 1587 1499 1654 per-

166 1707 301 1770 seetnm.
319 1735 369 1754 ·-
386 1700 463 1772 00.
489 1700 537 1775 ti.
569 1700 773 1782 Transversus
807 1700 988 1786 abdominis,
1013 1700 1103 1788 cujus
1121 1701 1245 1772 insertio
1263 1701 1296 1768 in
1311 1698 1423 1768 iaciem
1451 1699 1497 1768 in·

165 1839 288 1901 ternam
316 1833 503 1926 cartilaginis
527 1845 627 1906 costae
643 1837 700 1908 8·ο
722 1836 878 1907 insertioni
894 1833 1128 1924 diaphragmotis
1146 1835 1177 1900 in
1196 1831 1499 1922 honooortiiagiuem

164 1975 289 2039 acereta
307 1973 365 2055 ost,
386 1968 425 2034 ita
442 1976 475 2036 ut
492 1969 633 2039 in-iatero
650 1969 751 2038 dentre
768 1969 862 2038 dorae
877 1969 1034 2056 utriusque
1051 1967 1178 2036 musonii
1202 1964 1337 2053 perfecte
1352 1966 1494 2052 inunum

165 2097 334 2168 eoniinont.
350 2135 402 2192 -ι
420 2122 454 2170 o.
474 2122 509 2169 o.
529 2100 561 2172 d.
582 2100 615 2170 b.
644 2101 749 2181 Infima
771 2101 897 2172 confinia
922 2101 987 2168 cari
1003 2099 1124 2188 pieurao
1141 2097 1296 2186 utriusque
1311 2098 1430 2168 interis.
1448 2129 1500 2150 ·-

169 2253 201 2300 o.
223 2253 256 2300 c.
276 2254 305 2300 o.
328 2255 358 2300 o.
395 2234 465 2318 (ono
491 2234 558 2304 loeo
591 2255 644 2322 per
676 2253 811 2304 errorem
844 2233 967 2323 piatonis
999 2233 1094 2304 litero
1120 2253 1143 2300 a
1174 2229 1392 2321 designatum).
1437 2231 1497 2304 La·

169 2365 256 2432 mine
280 2365 434 2453 parietalis
459 2374 489 2433 et
511 2386 617 2439 cerum
650 2367 828 2458 peritonaei.
846 2403 897 2418 -
926 2364 968 2436 o'.
989 2362 1031 2434 e’.
1062 2362 1242 2439 inflexiones
1274 2365 1436 2452 peritonaai
1470 2367 1501 2434 in

170 2496 280 2568 itciem
311 2519 472 2568 connexam
502 2499 605 2570 lienis.
640 2498 777 2589 Spatium
808 2501 889 2570 iuter·
915 2496 956 2567 c'.
985 2497 1028 2572 e'.
1059 2498 1254 2589 ligamentum
1287 2497 1500 2587 gasoottenate

167 2640 387 2720 repraesentat.
406 2667 457 2684 -
473 2629 529 2702 o''.
546 2629 603 2703 o''.
632 2632 811 2704 Indexionos
828 2632 992 2722 peritonaoi
1009 2633 1041 2700 in
1054 2631 1221 2722 marginem
1237 2649 1402 2708 conreruro
1413 2634 1501 2705 renis

176 2762 288 2846 dextri,
307 2783 433 2851 quarum
449 2785 509 2835 una
526 2764 598 2852 o''.,
618 2767 694 2836 inter
710 2787 814 2838 renem
830 2773 862 2836 et
882 2766 1061 2849 duodenum,
1088 2771 1205 2853 partem
1234 2765 1409 2836 inferiorem
1423 2764 1502 2853 tpa-

171 2895 267 2963 menti
285 2894 556 2968 duodeno-renaiis
579 2906 798 2986 repraesentat.
818 2937 867 2952 -
882 2895 949 2975 c''’,
978 2894 1170 2985 Comiuuatio
1193 2897 1324 2968 laminae
1344 2895 1501 2968 visceralis

172 3028 341 3115 peritonaei
368 3030 399 3098 iu
423 3031 613 3120 superficiem
639 3041 791 3102 externam
816 3033 874 3110 coli
902 3031 1067 3102 ramensi
1093 3025 1143 3121 (ie)
1162 3038 1192 3098 et
1207 3029 1366 3100 verniculi
1386 3029 1501 3116 (epe-

174 3157 209 3230 d.
221 3161 256 3230 d.
266 3160 301 3232 d.
319 3161 529 3254 Ligamentnm
542 3174 622 3236 teres
636 3165 855 3253 hepatis—e.
871 3161 985 3256 &rum
997 3162 1167 3239 rontrienii,
1182 3161 1298 3250 liquore
1312 3161 1439 3246 artensi,
1450 3159 1502 3250 (ii-

178 3311 256 3382 qpor
284 3295 473 3386 congelatos,
503 3298 636 3365 sectione
657 3299 803 3382 instituta,
830 3295 995 3384 scalproet
1010 3295 1118 3370 malleo
1135 3313 1153 3366 c
1170 3314 1243 3366 earo
1259 3292 1415 3364 reuuicoii
1427 3313 1502 3365 enu-

177 3421 290 3503 cleatus
309 3425 384 3518 est),
405 3427 445 3496 ita
462 3435 645 3514 perrectum,
673 3435 706 3496 ot
727 3429 821 3500 sectio
836 3447 889 3516 per
907 3435 1097 3500 certatorem
1115 3427 1257 3518 majoram
1275 3423 1347 3511 o''.,
1364 3426 1456 3498 mode
1470 3429 1503 3498 in

177 3553 269 3623 ioco
259 3577 325 3645 rpso
344 3559 515 3628 insertionis
533 3561 642 3628 omenti
660 3560 864 3651 gastrocolioi‚
885 3561 971 3630 modo
987 3559 1026 3628 ad
1042 3559 1198 3632 nouuuiios
1215 3559 1311 3628 iiueas
1326 3555 1401 3631 Per.
1422 3559 1501 3650 inire

178 3687 280 3756 hano
271 3690 465 3758 rusentionem
482 3700 512 3760 et
529 3693 605 3796 inira
623 3701 781 3782 utrumque
797 3692 945 3762 oriiicinm
961 3691 1106 3781 stomachi
1140 3689 1285 3815 (cordiam
1302 3699 1333 3758 et
1349 3690 1498 3780 ppioruru)
1536 3736 1544 3748 -

174 3817 261 3888 ducta
279 3821 330 3892 srt
350 3819 471 3895 -e'.
447 3820 653 3895 Curvatura
670 3846 766 3915 mapor
782 3823 880 3894 ete
899 3836 1057 3896 curvatura
1075 3845 1173 3893 mrnor
1198 3819 1445 3893 uentrieudn-
1396 3822 1498 3915 -.[

173 3947 279 4021 Parios
293 3956 431 4042 superior
445 3957 540 4042 dandi,
558 3977 611 4026 sen
626 3960 709 4026 saeei
722 3980 806 4028 caeer
798 3959 990 4028 ventriculi.
999 3980 1094 4048 -p
1111 3954 1200 4027 Card'
1194 3979 1233 4040 m,
1243 3941 1425 4026 constituens
1440 3955 1502 4025 ori·

175 4082 277 4152 iioium
293 4086 411 4176 oblique
428 4086 614 4156 dextrorsum
632 4089 830 4178 deorsumque
848 4099 999 4178 spectans.
1015 4088 1111 4158 -1ι,
1131 4087 1253 4158 initium
1265 4087 1375 4176 pyloni.
1390 4083 1502 4157 'Parios

175 4217 314 4305 superior
336 4219 494 4288 uentriculi
516 4223 594 4290 inter
611 4244 628 4291 e
644 4229 676 4289 et
691 4221 712 4288 ir
728 4220 797 4290 indo
813 4223 937 4290 sinistro
953 4222 1070 4310 ineptiis
1087 4221 1260 4310 respondet,
1277 4217 1329 4308 qui
1348 4219 1378 4285 in
1394 4222 1502 4287 carum

175 4351 321 4420 stomachi
339 4353 485 4440 prominet
502 4355 657 4443 ipsumque
675 4356 705 4424 in
721 4356 795 4424 dots
812 4355 898 4444 qnasi
914 4363 1026 4444 partes,
1059 4353 1277 4442 profundiorem
1296 4351 1360 4420 sire
1379 4349 1502 4421 iuudnm

177 4479 224 4578 (s)
243 4492 273 4552 et
290 4485 387 4576 magis
401 4485 522 4573 pionem
538 4489 603 4556 sire
635 4491 800 4577 ppioricam
831 4484 872 4579 (e.
891 4487 939 4574 ta.)
954 4525 957 4536 ·
972 4487 1118 4576 sejungit.
1132 4523 1179 4536 -
1193 4469 1254 4555 Ἠ.
1273 4471 1351 4553 Pars
1367 4471 1501 4574 ppioriea

178 4635 205 4682 r.
234 4622 404 4686 transuersa
438 4621 575 4708 superior
611 4623 743 4690 intestini
777 4622 917 4690 duodeni.
937 4659 984 4672 --
1002 4618 1057 4689 tt.
1093 4617 1260 4702 Curvatura
1284 4619 1380 4709 primu
1403 4620 1500 4709 pertis

175 4755 365 4819 transversae
394 4752 527 4820 intestini
555 4754 681 4823 duodeni
711 4764 741 4823 et
762 4755 907 4824 transitus
931 4755 1025 4843 ipsios
1059 4753 1090 4819 in
1124 4761 1240 4842 partem
1274 4750 1503 4821 descendentem

179 4876 281 4971 (litera
299 4881 340 4952 c''
357 4883 559 4977 designatos),
586 4908 662 4978 quae
687 4898 877 4958 curvaturam
895 4888 1054 4956 secundam
1071 4883 1204 4992 formans
1225 4885 1255 4956 in
1271 4879 1367 4973 td’„
1386 4866 1501 4987 partem

177 5022 379 5087 transuersam
408 5019 596 5102 interiorem,
629 5025 831 5124 continuatur.
862 5020 897 5098 In
913 5021 968 5122 dg.
991 5021 1007 5092 1
1028 4995 1123 5090 ieonis
1141 5029 1274 5124 nostrae,
1295 5017 1501 5114 liquorencon-

174 5146 273 5238 petato
290 5168 309 5219 e
324 5169 397 5223 caro
413 5154 540 5226 duodeni
557 5162 684 5242 omno,
710 5158 811 5246 paries
827 5156 964 5245 superior
979 5153 1068 5246 nepos
1084 5153 1218 5240 intestini
1235 5149 1436 5239 comptorum
1450 5183 1499 5228 .·-

177 5277 205 5348 ί.
223 5276 300 5354 Pars
313 5287 599 5378 omentiroap'orisr.
615 5292 805 5383 gastrecoiici
819 5291 1018 5362 intentionenr
1030 5297 1063 5360 et
1073 5287 1196 5360 drumm
1208 5281 1502 5358 mosetica.-
