3782 6008
964 538 1206 612 -28-

457 745 582 804 sectum.
599 771 646 785 -
661 725 718 798 ll’.
738 722 896 822 (eignom’
914 729 945 798 in
957 729 1042 796 icone
1058 729 1230 817 omissum).
1250 726 1298 800 M.
1319 726 1522 800 Transrenanis
1538 731 1773 804 abdominis.-

459 852 488 922 l.
511 850 543 921 1.
563 846 610 920 M.
629 844 777 936 Obliquus
796 843 928 914 internus
944 843 1110 912 abdominis
1128 842 1293 935 (portiones
1310 845 1405 934 ipsios
1423 844 1619 916 abdominalis
1632 857 1663 918 et
1675 849 1776 922 dorsa·

456 967 521 1052 lis).
541 1001 591 1017 -
608 964 651 1034 K.
672 958 720 1031 M.
740 957 886 1048 Obliquus
904 969 1044 1028 externus
1063 959 1247 1029 abdominis.
1267 958 1368 1030 Striae
1385 961 1470 1032 albae
1487 966 1631 1032 musculis
1648 965 1694 1034 bis
1711 987 1779 1058 pcr-

455 1083 545 1150 seotis
575 1079 766 1168 interpositae
795 1085 887 1144 strata
919 1075 1060 1144 cellulosa
1089 1075 1349 1144 intermuscularia
1379 1077 1522 1148 indicant.
1541 1116 1589 1130 -
1608 1077 1645 1148 t.
1676 1075 1779 1152 Pontio

455 1197 582 1264 dorsalis
600 1215 642 1262 nn.
662 1192 839 1263 Transversi
859 1191 1040 1259 abdominis.
1056 1229 1103 1243 -
1116 1192 1164 1262 tt.
1201 1191 1243 1261 M.
1259 1190 1439 1261 Latissimus
1456 1194 1551 1262 dorsi.
1567 1231 1613 1246 -
1631 1191 1683 1264 Μ’
1703 1199 1776 1288 (sig-

452 1331 521 1380 num
539 1309 614 1400 'per
630 1329 764 1380 errorem
782 1311 925 1378 omissum
943 1305 1017 1396 est).
1038 1305 1085 1376 M.
1108 1307 1216 1376 lliacus
1234 1309 1477 1379 internus-N.
1498 1307 1544 1378 M.
1565 1305 1709 1380 Seruatus
1725 1331 1775 1399 po·

453 1428 546 1495 stione
577 1425 710 1495 inierior.
730 1463 779 1478 ·-
798 1423 840 1492 0.
873 1422 951 1494 Mm.
973 1424 1191 1492 intereostales.
1214 1462 1261 1474 —
1279 1446 1311 1492 o.
1332 1422 1437 1493 infima
1466 1444 1535 1514 pars
1557 1425 1639 1494 sacci
1656 1425 1777 1515 pentae

453 1542 587 1611 dextrae.
605 1577 654 1594 -
672 1539 704 1608 b.
723 1539 756 1608 b.
778 1539 809 1608 b.
832 1539 1050 1630 Diapbragma.
1070 1575 1118 1588 -
1135 1559 1165 1607 c.
1186 1560 1214 1606 c.
1237 1560 1265 1607 c.
1286 1537 1412 1608 Lamina
1427 1539 1590 1628 peritonaai
1606 1541 1771 1630 parietal'n.

453 1655 534 1725 Stria
553 1658 619 1724 alba
638 1655 766 1725 laminae
782 1655 869 1744 hujus
893 1653 1055 1743 peritonaei
1073 1663 1103 1721 et
1121 1673 1162 1722 nn.
1181 1650 1353 1723 Tranrereo
1381 1653 1544 1722 abdominis
1562 1651 1623 1746 (Η)
1643 1655 1777 1746 interpo-

453 1775 524 1854 sita,
542 1775 668 1842 lasoiam
686 1784 886 1842 transuersam
904 1774 1033 1840 denotat.
1053 1808 1098 1821 -
1120 1769 1173 1841 c'’.
1194 1769 1249 1841 c''.
1282 1771 1460 1843 inflexiones
1476 1773 1618 1862 portionis
1634 1771 1777 1840 lumbatis

452 1889 627 1976 peritonaei‚
647 1908 723 1978 qnae
740 1888 776 1957 ad
794 1888 979 1956 formandum
1011 1907 1218 1957 mesocoecnm
1237 1888 1414 1957 inserrinnt.
1435 1925 1482 1940 -
1500 1885 1535 1956 d.
1554 1885 1678 1958 lnbenio
1694 1889 1774 1977 peri·

452 2005 549 2071 tonaei
567 2004 808 2094 alligamentum
827 2003 1051 2093 suspensorinm
1064 2002 1179 2091 bepatis
1193 2003 1380 2072 iormandum
1398 1999 1680 2072 inserviens-a'.
1696 1999 1773 2096 (sig-

451 2137 522 2186 nnm
537 2116 546 2147 '
564 2118 595 2188 in
612 2119 697 2188 icone
713 2138 772 2187 non
787 2117 862 2186 bene
881 2120 1085 2206 expressum).
1117 2117 1220 2187 Lobus
1237 2118 1340 2188 denter
1368 2117 1483 2207 hepatis
1504 2118 1541 2187 ad
1558 2117 1600 2187 dl
1621 2117 1678 2187 lin.
1697 2115 1771 2190 Par.

450 2233 488 2302 ad
505 2233 636 2303 dextram
654 2236 807 2326 ligamenti
837 2235 1020 2320 suspensorii
1049 2244 1216 2322 persectns.
1236 2269 1285 2286 -
1301 2233 1328 2326 s.
1361 2231 1534 2304 Faustulum
1555 2231 1637 2302 iundi
1653 2235 1775 2304 uesicae

451 2349 569 2418 ielleae.
590 2385 636 2402 -
653 2371 687 2440 p.
719 2349 827 2420 Parios
844 2349 965 2416 sinister
983 2359 1014 2417 ut
1030 2347 1063 2416 b.
1083 2346 1179 2418 Cares
1197 2348 1254 2417 coli
1277 2351 1454 2418 transversi.
1472 2385 1521 2406 ··-
1537 2349 1563 2419 r'.
1581 2347 1726 2418 introitus
1742 2351 1774 2418 in

448 2483 554 2534 earnm
571 2465 629 2534 coli
646 2461 938 2534 ascendentis-le.
960 2461 1064 2532 Parios
1082 2467 1206 2533 sinister
1222 2465 1356 2533 intestini
1377 2465 1521 2534 caeei-
1536 2463 1560 2533 l.
1581 2463 1724 2534 lotroitns
1740 2467 1773 2534 ia

450 2598 556 2649 earum
569 2579 701 2648 intestini
714 2577 903 2662 ilei,rnlrnla
917 2578 1086 2648 ileocoecali
1100 2581 1441 2650 circumcinetus-m.
1457 2578 1596 2650 lntroitns
1607 2582 1638 2648 in
1649 2600 1772 2650 caream

450 2714 610 2783 processus
626 2693 840 2764 vermilormis.
854 2730 903 2746 -
917 2715 952 2761 o.
967 2715 1004 2764 o.
1023 2691 1128 2764 Ansae
1144 2697 1354 2766 intestinorum
1370 2697 1515 2764 tenuium.
1531 2731 1580 2746 -
1590 2711 1628 2766 u.
1647 2693 1771 2766 Aetne

449 2811 552 2880 siones
568 2809 738 2900 superficiei
755 2827 903 2880 conuenae
921 2807 1035 2899 bepatis
1052 2810 1089 2880 ad
1106 2809 1311 2902 diaphragma.
1329 2847 1379 2864 -
1393 2814 1433 2897 β.
1451 2807 1612 2881 Omentom
1630 2811 1740 2902 majus.

447 3003 567 3075 Tarr-
588 3007 666 3076 fl.
684 3001 768 3072 Duas
785 3005 934 3072 sectiones
950 3002 1084 3093 obliquas
1102 3003 1194 3092 pelris
1211 3004 1249 3074 ad
1265 3007 1431 3075 tincturam
1449 3008 1577 3076 aruns
1592 3007 1700 3080 nmo
1714 3029 1767 3080 en·

397 3147 501 3208 tornae
518 3138 722 3209 illustrandam
740 3146 960 3226 repraesentat.

495 3321 561 3393 Una
578 3324 683 3394 barum
699 3324 865 3394 sectionum
884 3323 952 3416 (dg.
973 3323 1010 3416 i)
1028 3323 1191 3392 directione
1204 3324 1367 3417 ligamento
1383 3323 1537 3416 Ponpartii
1558 3325 1622 3397 iere
1636 3327 1767 3417 perteue

446 3453 588 3544 parallelo
605 3458 691 3526 dncta
709 3465 767 3542 cst;
800 3457 894 3527 altera
912 3477 982 3526 sero
1000 3458 1193 3549 ligamentum
1211 3460 1267 3527 boc
1283 3461 1314 3528 in
1333 3460 1472 3530 distantia
1492 3458 1506 3527 i
1528 3460 1601 3549 poll.
1622 3469 1653 3530 et
1669 3462 1691 3529 l
1707 3461 1762 3532 lin.

445 3583 519 3656 Par.
539 3607 556 3656 a
572 3587 728 3658 tuberculo
744 3589 831 3678 pubis
848 3588 905 3658 snb
922 3590 1031 3681 angulo
1049 3597 1135 3658 acnto
1152 3591 1302 3663 deposcat.

399 3796 424 3866 l·
430 3799 477 3892 ig.
501 3799 534 3868 l.
553 3797 654 3870 Sestio
670 3801 788 3892 obliqua
806 3802 912 3890 pelvis,
943 3821 1020 3892 qnae
1047 3802 1241 3894 ligamentum
1259 3801 1412 3894 Ponprrtii
1432 3804 1566 3876 dentrnm
1581 3807 1764 3901 subregulo

444 3942 530 4003 rento
546 3935 696 4004 decussat.

491 4123 623 4198 Cadaver
640 4129 770 4200 bominis
785 4127 889 4200 adulti.
910 4128 1054 4200 intestina
1071 4151 1163 4200 uacua
1177 4143 1208 4201 et
1219 4133 1361 4222 collapsa.
1383 4132 1513 4204 Prrrnnr
1526 4135 1698 4206 cxsndatnm
1712 4159 1760 4207 se·

445 4259 545 4309 rosum
563 4245 595 4312 io
611 4263 683 4313 caro
700 4247 881 4334 peritonaei.

492 4430 626 4522 Spatium
644 4439 721 4508 inter
738 4441 854 4530 spinam
871 4443 1051 4511 anteriorem
1069 4443 1254 4532 superiorem
1272 4445 1350 4512 ossis
1367 4445 1418 4512 ilei
1435 4445 1528 4513 dextri
1542 4455 1573 4515 et
1584 4447 1758 4518 umbilicum

445 4546 484 4614 ita
502 4548 618 4638 oblique
633 4565 803 4644 perseotum
831 4565 891 4642 est,
923 4567 957 4625 nt
984 4557 1062 4627 linea
1091 4579 1198 4628 secam
1214 4559 1253 4628 ab
1269 4560 1410 4628 umbilico
1432 4561 1468 4629 ad
1486 4561 1505 4630 3
1523 4559 1594 4648 poll.
1614 4571 1646 4630 et
1662 4562 1683 4633 3
1701 4563 1755 4636 lin.

444 4657 516 4729 Par.
537 4675 566 4732 et
583 4683 599 4732 a
617 4671 700 4755 spina
718 4672 867 4742 anteriore
879 4675 1034 4760 superiore
1052 4675 1102 4742 ilei
1118 4675 1154 4743 ad
1171 4673 1235 4760 W,
1248 4675 1320 4764 poli.
1340 4672 1413 4744 Par.
1433 4675 1532 4744 distet.
1551 4673 1757 4768 Ligrmcntnrn

444 4774 595 4866 Ponpartii
613 4792 711 4854 autern
728 4785 814 4876 bojon
829 4790 932 4861 lateris
949 4791 1040 4859 etiam
1060 4789 1179 4880 oblique
1197 4792 1234 4859 ad
1249 4792 1272 4860 2
1285 4791 1357 4881 poll.
1372 4799 1403 4860 et
1417 4789 1461 4858 t0
1478 4791 1533 4860 lin.
1552 4789 1624 4861 Par.
1642 4795 1756 4883 aspira

443 4891 500 4962 bac
515 4903 547 4963 ct
562 4894 598 4962 ad
619 4899 633 4966 l
654 4899 724 4986 poll.
744 4911 774 4970 et
790 4901 813 4969 d
830 4903 884 4974 lin.
904 4903 976 4977 Par.
997 4926 1014 4973 a
1031 4904 1185 4976 tuberculo
1201 4907 1289 4996 pubis
1304 4917 1472 4996 perrectum
1488 4915 1546 4976 eat.

488 5104 589 5178 Sestio
606 5109 679 5176 bace
697 5075 794 5199 itaque
815 5113 1007 5186 directionem
1036 5117 1141 5210 plagae
1171 5119 1292 5204 indicat,
1315 5140 1403 5210 quam
1420 5118 1458 5188 ad
1475 5119 1630 5211 ligaturam
1647 5119 1753 5214 origini

440 5224 569 5292 arteriae
587 5223 691 5293 iliacae
707 5235 845 5296 externae
860 5231 1063 5319 applicandam
1081 5232 1196 5326 indigo.
1231 5235 1373 5328 Angulns
1389 5235 1527 5324 superior
1543 5233 1631 5323 iujos
1648 5235 1751 5329 plagae
