3666 6002
915 632 1132 714 ...b-

338 859 415 925 pars
429 835 579 928 pylarica
598 833 783 902 ventriculi
801 857 880 903 cum
900 834 1055 925 portione
1074 831 1301 904 descendente
1327 847 1361 904 et
1391 845 1582 906 transversa
1615 836 1706 906 inle-

336 953 426 1020 riore
446 947 609 1028 duodeni,
644 948 752 1016 cauda
789 957 823 1018 et
840 971 965 1040 corpus
984 953 1189 1040 pencreatis,
1211 947 1312 1017 colon
1332 959 1580 1027 transversum.
1601 951 1707 1020 intes-

337 1067 407 1134 tina
427 1064 545 1135 tenuia
560 1064 668 1133 radici
689 1066 883 1133 mesenterii
903 1063 1037 1133 adnexa
1056 1075 1091 1132 et
1109 1087 1186 1157 pars
1203 1063 1354 1134 flexurae
1380 1064 1603 1158 sygmoideae
1629 1089 1706 1159 per-

334 1192 425 1250 secta
448 1182 484 1251 in
503 1190 725 1274 conspectum
743 1179 925 1270 prodeunt.

384 1295 420 1382 8)
441 1296 601 1365 Sentisne
621 1318 681 1388 per
698 1295 876 1384 ruarqiuem
894 1296 1057 1362 internum
1076 1308 1106 1362 et
1124 1317 1185 1384 per
1202 1297 1343 1364 mediam
1372 1297 1552 1364 musculum
1570 1299 1708 1366 Rectum

335 1413 521 1480 abdominis
538 1412 691 1480 dextrum
709 1411 745 1478 in
762 1408 1017 1502 longitudinem
1037 1409 1139 1479 ducta
1153 1411 1340 1503 ligamenta
1354 1410 1489 1502 hepatis
1507 1413 1706 1504 (suspenso-

333 1527 424 1595 rium
443 1535 477 1594 et
495 1525 712 1619 rotundum).
732 1523 831 1594 lobus
849 1522 971 1594 dexter
988 1533 1022 1594 et
1039 1547 1082 1595 ex
1101 1535 1195 1617 parte
1212 1524 1313 1595 lubus
1331 1525 1471 1594 sinister
1489 1523 1637 1618 hepatis,
1654 1527 1706 1596 in·

333 1639 466 1710 ciecnla
483 1640 624 1719 renalis,
639 1639 741 1708 lohns
753 1639 899 1731 Spigelii
919 1663 1024 1732 prope
1041 1640 1198 1709 foramen
1212 1639 1426 1719 Winslowii,
1447 1663 1551 1711 caven
1571 1642 1706 1711 omenti

333 1756 490 1830 minoris.
512 1753 635 1825 ductus
652 1733 795 1830 bilileri,
818 1755 959 1848 pylorus
976 1777 1054 1824 curn
1074 1766 1167 1846 parte
1195 1755 1422 1825 descendente
1447 1755 1612 1834 duodeni.
1642 1777 1706 1825 ren

334 1868 466 1954 dexter,
487 1871 587 1940 colon
607 1881 841 1940 transversum
859 1879 894 1938 et
907 1872 1044 1940 initium
1057 1871 1125 1939 coli
1140 1870 1368 1947 ascendentis.
1390 1872 1553 1942 intestina
1567 1875 1704 1950 munia.

333 1986 504 2055 interdum
523 1987 628 2056 etiam
647 1985 779 2056 llexura
798 1985 997 2078 sygmoidea
1014 1995 1248 2079 persecuntur.

380 2104 417 2196 9)
436 2105 474 2172 ln
493 2103 644 2173 sectione
663 2102 811 2195 denique
834 2124 896 2190 per
911 2101 1196 2191 hyporboudrium
1215 2103 1381 2184 deutrum,
1400 2102 1446 2172 cd
1466 2103 1485 2171 1
1505 2105 1588 2194 poli.
1613 2105 1702 2172 Par.

330 2218 398 2308 sere
411 2221 593 2308 eucarpiae
606 2233 741 2286 caterno
756 2239 799 2286 m.
817 2218 913 2286 Raeti
925 2217 1111 2285 abdominis
1124 2216 1248 2300 deutri,
1266 2217 1301 2285 in
1316 2215 1568 2310 longitudinem
1584 2213 1704 2295 ducta.

330 2332 429 2402 lobus
447 2332 568 2402 dexter
586 2331 732 2424 hepatis,
753 2355 830 2423 pars
857 2331 954 2401 iundi
982 2332 1117 2400 vesicae
1147 2330 1283 2410 fellone,
1317 2330 1417 2400 colon
1449 2340 1704 2413 transversum.

330 2447 458 2517 llexnra
479 2448 637 2540 hepatica
655 2446 724 2515 coli
742 2445 959 2514 ascendentis
976 2454 1011 2514 et
1037 2446 1238 2515 intestinum
1265 2467 1406 2515 caecum
1435 2458 1589 2540 persectu
1620 2471 1708 2518 con·

330 2563 538 2654 spiciuntur.

265 2661 269 2670 ⁵
378 2679 552 2746 Sectiones
566 2699 629 2768 per
639 2677 760 2767 pelvim
780 2677 983 2766 congelatum
1001 2673 1103 2744 modo
1123 2678 1158 2744 iu
1177 2676 1428 2765 longitudinem,
1462 2678 1508 2746 ad
1521 2681 1706 2768 perpendi·

330 2793 435 2859 culum
454 2815 606 2886 quoque,
627 2790 729 2861 modo
750 2803 859 2860 autem
888 2793 1017 2880 oblique
1047 2789 1170 2860 ductae
1202 2801 1293 2860 sunt.
1323 2792 1512 2875 sectiones,
1547 2815 1635 2886 quos
1667 2795 1705 2864 in

329 2906 585 2998 longitudinem
605 2907 647 2976 ad
667 2905 950 3000 perpendiculum
970 2904 1053 2974 duxi
1073 2905 1272 2996 praesertim
1290 2904 1333 2973 ad
1363 2908 1466 2976 situm
1485 2917 1519 2976 et
1537 2907 1704 2979 direc'tin·

328 3043 405 3090 nem
427 3021 598 3100 urethrae.
619 3023 752 3091 vesicae
771 3023 957 3099 miseriae,
988 3021 1140 3089 intestini
1167 3024 1251 3089 recti
1282 3031 1316 3088 et
1345 3023 1433 3090 uteri
1464 3045 1542 3091 cum
1573 3027 1704 3117 uagina

329 3137 378 3226 (in
399 3137 490 3230 pelvi
503 3137 680 3232 muliebri)
700 3136 1005 3206 demonstrandum
1024 3135 1207 3204 destinavi.

375 3254 486 3321 Situm
503 3253 656 3322 uretluue
673 3255 844 3321 cressione
870 3253 1043 3320 uriacuise
1068 3249 1279 3320 sectionibus
1312 3271 1371 3341 per
1403 3253 1526 3341 pelvim
1560 3255 1702 3324 virilem

326 3367 542 3458 congelatam
563 3370 598 3436 in
616 3366 870 3460 longitudinem
889 3360 1000 3434 ductis
1018 3365 1186 3456 indagans
1200 3365 1382 3455 praecipue
1401 3364 1461 3434 bas
1479 3371 1704 3458 quaestiones

326 3481 507 3550 solvendas
525 3483 605 3550 mibi
625 3483 800 3574 proposui:
826 3483 858 3573 1)
882 3481 972 3549 Num
994 3502 1067 3568 pars
1086 3479 1345 3547 membranacea
1364 3489 1399 3546 et
1417 3484 1603 3571 prestation
1623 3507 1703 3554 ure·

327 3595 437 3670 thrae.
463 3596 491 3664 si
510 3601 622 3666 vesica
653 3595 805 3664 urinaria
838 3617 878 3663 ac
908 3599 1108 3665 intestinum
1133 3601 1264 3662 rectum
1296 3592 1396 3683 plane
1428 3617 1539 3667 vacua
1557 3609 1593 3666 et
1611 3600 1705 3669 forte

326 3720 502 3778 contracta
521 3712 601 3792 sint,
622 3708 850 3779 directionem
870 3711 1018 3801 perfecte
1037 3718 1226 3783 arcuatam.
1248 3729 1290 3776 an
1310 3707 1487 3801 obliquam
1505 3713 1622 3802 potius
1641 3713 1703 3784 ba·

324 3824 422 3896 beat?
440 3827 478 3920 2)
497 3828 587 3896 Num
608 3823 786 3919 plenitudo
804 3827 941 3894 vesicae
961 3825 1135 3894 urinariae
1154 3821 1195 3915 (si
1220 3822 1356 3915 liquore
1380 3833 1522 3894 extensa
1549 3827 1609 3920 sit)
1641 3841 1706 3898 aut

327 3943 481 4010 intestini
500 3941 583 4011 recti
603 3941 645 4009 ad
664 3942 890 4012 directionem
909 3937 1024 4008 isthmi
1044 3935 1203 4006 uretbrae
1221 3935 1420 4006 mutandam
1451 3939 1586 4033 aliquid
1617 3967 1703 4013 eon·

325 4056 425 4130 ierat.
448 4080 511 4124 nec
530 4055 591 4125 ne?
609 4057 645 4151 3)
666 4058 757 4126 Num
778 4057 813 4125 in
831 4054 965 4125 diverso
981 4054 1136 4144 corporis
1154 4053 1235 4130 situ,
1257 4074 1287 4120 e.
1306 4073 1340 4143 g.
1357 4052 1496 4122 homine
1511 4066 1626 4126 stante
1641 4071 1705 4128 aut

324 4171 477 4252 sedente,
499 4193 576 4262 pars
595 4169 855 4240 membranacea
872 4180 906 4238 et
925 4169 1111 4261 prestation
1137 4162 1296 4234 urethrae
1325 4187 1463 4257 semper
1491 4193 1598 4240 unam
1618 4197 1703 4244 een·

324 4286 469 4380 demque
488 4284 711 4355 directionem
730 4282 910 4378 sequatur?
928 4281 966 4366 l)
986 4281 1137 4373 Denique
1152 4278 1265 4372 qualis
1282 4287 1333 4348 set
1350 4279 1494 4351 directio
1514 4293 1550 4353 et
1579 4307 1702 4378 aspec-

323 4413 379 4470 tus
399 4400 532 4492 plagae,
554 4419 642 4493 quae
661 4408 832 4491 prostatae
850 4396 1072 4491 partibusque
1092 4397 1155 4487 ipsi
1174 4395 1299 4463 vicinis
1314 4397 1351 4463 in
1369 4395 1533 4466 methodo
1553 4399 1702 4472 lithoto-

323 4518 413 4584 miae
432 4515 566 4584 laterali
586 4515 697 4584 cultro
717 4513 852 4582 occulto
872 4509 1060 4604 infligitur?

371 4629 563 4706 Contendo,
586 4629 681 4698 nullo
700 4629 769 4697 alio
789 4631 985 4696 anatiimico
1005 4621 1229 4716 praeparandi
1256 4622 1357 4691 modu
1388 4631 1609 4717 quaestiones
1638 4633 1704 4704 bes

324 4755 392 4813 tam
412 4741 696 4813 evidentersolvi
718 4765 827 4834 posse,
863 4763 966 4835 quam
999 4737 1151 4831 pelvium
1184 4760 1219 4804 m
1249 4736 1473 4809 cadaveribus
1504 4747 1703 4836 congelatis

321 4861 560 4953 inquisitione.
591 4855 880 4926 Adumhrationes
910 4855 1102 4924 sectionum
1129 4851 1250 4943 pelvis,
1280 4849 1415 4921 diverso
1442 4862 1599 4950 corporis
1630 4865 1702 4932 situ

321 4973 539 5068 congelatae,
577 4973 612 5041 in
643 4970 898 5062 longitudinem
934 4967 1128 5042 ductarum.
1165 4987 1283 5034 veram
1317 4962 1542 5040 directionem
1578 4975 1700 5048 isthmi

321 5089 481 5158 urethrae
499 5086 719 5156 exactissime
736 5091 1009 5178 repraesentant.

369 5204 479 5272 Nobis
496 5201 667 5273 sectiones
684 5198 794 5294 pelvis
812 5199 923 5269 virilis
940 5199 977 5265 in
995 5194 1248 5286 longitudinem
1268 5194 1386 5263 ductas
1406 5197 1702 5288 perlustrantibus

321 5317 404 5386 hacc
423 5321 463 5386 de
478 5341 556 5386 vern
574 5317 756 5385 directions
774 5315 886 5382 isthmi
901 5313 1053 5382 uretbrna
1069 5310 1295 5404 apparebunt:
