3782 6008
989 627 1228 696 ..96-

475 817 653 908 Superdcies
670 834 798 884 convexa
817 813 931 902 hepatis
948 812 1163 904 diaphragmati
1176 814 1354 882 adhaerens.
1370 852 1418 866 -
1431 814 1464 884 a.
1482 813 1613 904 Spatium
1631 821 1784 912 ligamento

473 933 731 1022 lvepntnduodeuali
760 941 790 1000 et
819 930 902 998 sulco
919 937 1088 998 transverso
1118 929 1233 1018 bepetis
1261 931 1454 1019 respondeus.
1478 970 1522 981 -—
1544 930 1567 1001 l.
1591 931 1672 1005 Vena
1689 945 1781 1025 porta·

472 1071 550 1118 rum.
572 1085 612 1098 -
635 1071 679 1116 m.
700 1069 733 1118 n.
756 1044 871 1114 Ductus
888 1044 1086 1112 cboledocbus
1102 1055 1133 1112 ct
1150 1048 1260 1114 arteria
1278 1046 1427 1136 hepatica.
1445 1084 1495 1099 —
1512 1069 1543 1118 u.
1567 1047 1642 1118 Pars
1658 1053 1783 1139 pulcrior

471 1164 627 1232 ventriculi
645 1173 674 1231 et
689 1184 724 1254 p.
747 1160 876 1230 Valvula
895 1160 1039 1248 pulcrica.
1060 1198 1109 1212 -
1126 1182 1159 1250 q.
1193 1158 1269 1229 Pars
1286 1171 1455 1230 transversa
1472 1166 1606 1252 superior
1622 1177 1650 1233 et
1666 1169 1782 1236 descen·

469 1281 541 1348 deos
559 1279 685 1348 duodeni
703 1287 733 1348 et
749 1275 896 1344 orificium
914 1276 1020 1343 doctus
1051 1276 1235 1358 obolednohi,
1269 1279 1346 1365 qood
1365 1280 1394 1344 iu
1412 1289 1495 1366 parte
1510 1279 1698 1350 descendente
1715 1283 1781 1350 duo·

467 1397 535 1462 deni
555 1397 627 1465 lviat.
649 1432 696 1448 -
714 1414 747 1484 g.
768 1414 801 1483 q.
829 1389 958 1460 Flevura
976 1393 1105 1461 secunda
1125 1393 1252 1461 duodeni
1270 1415 1297 1462 s.
1319 1395 1461 1461 transitus
1478 1397 1569 1482 partis
1585 1395 1781 1465 descendentis

466 1514 495 1578 iu
513 1521 626 1598 nartem
643 1520 845 1578 unusversam
862 1510 1048 1578 interiorem.
1069 1548 1118 1560 -
1135 1531 1164 1578 r.
1198 1506 1290 1577 Colou
1316 1521 1529 1578 transversum.
1549 1549 1596 1562 -
1612 1533 1778 1582 nanas

465 1627 571 1696 abusae
587 1627 794 1694 intestinorum
811 1627 959 1695 tenuium.
977 1661 1029 1676 —
1045 1639 1069 1692 t.
1093 1623 1158 1693 lien
1176 1626 1277 1693 dexter
1295 1645 1347 1713 per
1364 1647 1386 1691 o
1404 1625 1495 1694 hilum
1512 1638 1674 1713 persuetus.
1690 1665 1735 1678 ·-
1747 1649 1776 1695 c.

466 1739 546 1810 Vasa
575 1743 702 1812 venalia.
722 1779 770 1792 -
789 1764 831 1809 nn.
863 1739 984 1810 Initium
1015 1744 1143 1809 ureteris
1174 1741 1282 1810 dextri.
1303 1779 1352 1790 -
1368 1764 1406 1811 oc.
1437 1737 1562 1830 capsula
1586 1743 1779 1831 snprarannlis

462 1859 579 1928 deutra.
598 1894 647 1910 -
664 1879 700 1948 y.
720 1854 846 1927 Arteria
865 1857 952 1926 iliaca
969 1865 1091 1926 externa
1108 1867 1138 1926 ct
1154 1877 1187 1925 z.
1207 1853 1294 1927 Vena
1311 1859 1397 1926 iliaca
1415 1857 1515 1926 dextra
1531 1867 1659 1926 anema.

461 2079 582 2149 Tan.
605 2081 681 2151 ΙΙ.
698 2077 784 2148 Duas
801 2076 951 2146 sectiones
979 2097 1033 2166 per
1061 2079 1231 2148 musculum
1261 2077 1388 2148 Rectum
1418 2077 1580 2148 abdominis
1603 2078 1732 2148 dextrum
1749 2089 1778 2145 et

412 2234 465 2302 per
483 2211 737 2304 bypncboudrium
754 2213 891 2282 dextrum
909 2211 938 2280 iu
956 2211 1169 2306 longitudinem
1188 2213 1291 2282 ductas
1308 2211 1474 2281 adumbrat.

411 2431 436 2502 F
441 2433 488 2526 ig.
515 2435 546 2504 l.
566 2433 669 2504 Sectio
684 2453 739 2524 ner
754 2433 922 2502 musonium
949 2432 1074 2503 Rectum
1088 2433 1255 2503 abdominis
1273 2435 1419 2514 deutrum,
1439 2435 1474 2502 ad
1495 2434 1508 2501 l
1531 2433 1598 2520 poll.
1618 2428 1687 2499 Par.
1706 2432 1773 2499 et!

456 2567 510 2635 lin.
531 2586 548 2633 a
568 2569 704 2660 margine
722 2567 817 2656 ipsius
836 2577 970 2648 externo,
993 2568 1020 2634 iu
1039 2566 1252 2657 longitudinem
1271 2569 1368 2635 ducta.

503 2783 637 2855 Cadaver
653 2787 782 2856 lemicae
805 2785 848 2857 30
869 2807 1013 2857 annorum
1032 2801 1097 2876 post
1113 2799 1229 2878 partum
1258 2798 1406 2857 mortuae.
1440 2785 1549 2857 Nullae
1573 2789 1770 2874 corruptiones

454 2903 615 2991 organicae
633 2905 664 2971 iu
681 2905 850 2972 visceribus
867 2905 998 2972 thoracis
1014 2917 1043 2973 et
1061 2905 1241 2974 abdominis.
1263 2903 1404 2972 intestina
1428 2905 1497 2970 aiere
1512 2911 1541 2970 et
1557 2899 1644 2969 luido
1659 2901 1769 2970 modim

452 3026 585 3086 extensa.
604 3015 799 3088 Ventriculus
816 3019 879 3087 iere
896 3039 1007 3090 vacuus
1025 3033 1056 3090 et
1073 3031 1255 3090 contractus.
1288 3018 1459 3088 Mesocolou
1476 3029 1671 3086 transversum
1686 3017 1768 3084 valde
1889 3060 1890 3083 t

451 3131 586 3224 longum,
608 3146 767 3206 curvatura
786 3135 921 3225 hepatioa
939 3137 1177 3220 colituraosversi
1195 3139 1284 3205 etiam
1302 3136 1388 3226 longa
1408 3133 1603 3222 neruosaque.

501 3352 697 3444 Segmeutum
717 3357 860 3427 sectionis
879 3359 1027 3428 dextrum.
1049 3396 1097 3412 -
1117 3358 1159 3427 A.
1191 3357 1343 3448 Cartilago
1372 3366 1472 3424 costae
1490 3351 1764 3424 buccauncta

435 3469 517 3576 ⁸poll.
541 3467 610 3538 Par.
632 3482 662 3542 et
680 3473 701 3540 2
722 3471 776 3542 liu.
798 3477 968 3565 ainnctuna
995 3495 1063 3542 cum
1082 3483 1183 3542 sterno
1201 3484 1348 3560 persenia.
1369 3507 1414 3521 -
1433 3467 1475 3535 B.
1508 3465 1682 3534 Extremitas
1697 3485 1764 3534 rcr-
1883 3504 1884 3531 t

447 3583 570 3654 tebrnlis
588 3595 688 3656 costae
711 3591 787 3656 veae
810 3591 846 3657 ad
869 3591 880 3657 i
908 3591 979 3678 poll.
1001 3601 1029 3657 et
1043 3591 1064 3658 ἱ)
1080 3591 1119 3656 tiu
1155 3587 1227 3656 Par.
1251 3589 1286 3654 ab
1304 3586 1429 3654 articulo
1446 3581 1679 3650 costcvertebrali
1695 3601 1759 3669 ner·

446 3711 539 3766 secta.
562 3739 607 3752 -
629 3701 666 3771 C.
689 3701 736 3772 D.
756 3703 925 3774 Processus
943 3709 1104 3774 transversi
1122 3705 1326 3773 vertebrarum
1345 3701 1510 3770 lumborum
1529 3699 1581 3766 3⁸⁹
1598 3708 1627 3765 et
1643 3697 1760 3764 5⁸².-

444 3812 487 3882 E.
524 3816 612 3884 Basis
628 3819 706 3886 ossis
724 3823 805 3888 sacri
823 3821 859 3888 ad
883 3823 917 3889 it
943 3823 998 3889 lin.
1032 3819 1105 3890 Par.
1137 3841 1154 3888 a
1187 3821 1340 3908 svmpbvsi
1366 3817 1537 3885 sacroiliaca
1553 3823 1694 3901 nummu.
1712 3847 1758 3864 -

446 3928 501 3999 κί’.
522 3931 576 4000 Α’.
601 3931 653 4003 Α’.
679 3934 813 4026 (signnm
833 3935 841 3966 '
863 3939 891 4004 in
912 3935 996 4004 icone
1016 3954 1217 4024 pararnonem
1242 3938 1414 4019 omissum).
1430 3931 1477 4001 ll.
1506 3930 1614 3998 Rectus
1630 3927 1757 3994 abdomi-

444 4047 490 4110 nis
508 4049 608 4117 devter
626 4071 693 4118 num
711 4050 807 4120 tribus
827 4052 1068 4138 inscriptionibus
1086 4053 1245 4119 tendineis.
1267 4088 1308 4101 -
1330 4047 1384 4116 ll'.
1407 4043 1547 4136 (siguum'
1565 4045 1593 4110 io
1609 4045 1691 4109 icone
1705 4041 1754 4108 de·

444 4179 500 4227 uun
517 4161 688 4257 nvnissum).
721 4163 769 4235 Μ.
802 4165 897 4236 Psoas
929 4169 1023 4256 major
1041 4169 1155 4237 deuter.
1176 4205 1225 4217 -
1243 4190 1276 4232 n.
1298 4186 1330 4232 c.
1363 4161 1462 4232 Lobus
1480 4159 1597 4228 inierint
1612 4155 1752 4244 nummis

444 4271 548 4342 dextri.
569 4315 615 4330 -·
633 4279 666 4348 b.
687 4279 802 4350 Saccus
820 4283 992 4370 pericardii,
1027 4283 1200 4351 cvsudntum
1229 4299 1362 4348 serosum
1382 4279 1543 4344 continens.
1561 4309 1610 4321 -
1623 4289 1652 4338 e.
1672 4291 1702 4336 c.
1721 4291 1748 4334 c.

447 4379 659 4482 ilianbragma.
679 4433 729 4448 -
747 4397 781 4466 d.
801 4395 979 4492 Ligamenta
998 4402 1222 4488 suspensorium
1242 4409 1272 4464 et
1289 4395 1444 4462 rotundum
1462 4393 1664 4479 bonoim-c.
1678 4405 1705 4453 c.
1721 4405 1747 4451 c.

447 4493 567 4568 lamina
598 4509 759 4592 peritonaei
789 4515 943 4602 uarietatis
973 4517 1118 4583 anterior.
1139 4549 1185 4565 -
1205 4509 1256 4580 c'’.
1278 4509 1400 4578 ludevio
1429 4507 1552 4574 laminae
1579 4499 1746 4588 perimam.

446 4629 483 4698 qo
496 4635 520 4680 e
538 4621 722 4704 superficiem
740 4649 899 4700 convenam
917 4632 1032 4720 hepatis
1064 4631 1183 4698 investit
1200 4636 1229 4695 et
1247 4628 1284 4694 ad
1303 4625 1494 4716 ligamentum
1511 4633 1679 4688 coronarum
1696 4614 1747 4680 bc·

444 4725 518 4808 natis
536 4727 715 4808 iormaudum
733 4743 867 4816 inservit.
884 4785 931 4800 -
946 4745 1011 4818 e''’.
1033 4745 1157 4816 laberio
1173 4743 1337 4832 peritonaei
1355 4741 1431 4807 iuter
1447 4733 1625 4824 superficiem
1642 4745 1744 4795 cnm·

445 4859 509 4906 *Μ’
528 4841 640 4930 hebilli
657 4860 686 4917 0¹
701 4875 787 4944 supra
806 4883 826 4950 9
843 4883 877 4952 9.
905 4874 1024 4956 purtem
1055 4863 1218 4952 pylonicam
1250 4856 1416 4934 ventriculi,
1448 4869 1535 4940 prope
1563 4847 1744 4935 ligauit!

444 4951 721 5042 bagnatodoodcnale.
738 5005 778 5024 -
797 4973 871 5046 o”’'.
890 4977 966 5052 e’'''.
988 4978 1167 5049 luderinues
1186 4975 1314 5044 laminae
1329 4968 1490 5062 peritonaei
1511 4969 1593 5051 (quae
1607 4959 1742 5047 nerim

442 5069 620 5140 concionem
650 5077 741 5164 pyloni
771 5085 914 5186 investit),
947 5099 976 5165 in
1000 5099 1142 5186 parietem
1162 5093 1343 5160 anteriorem
1361 5085 1468 5154 omenti
1485 5077 1600 5166 majoris
1617 5073 1678 5160 lg).
1695 5107 1739 5122 ·-

442 5177 532 5252 ‘'”'⁷·
554 5181 676 5256 laberio
694 5195 812 5280 parietis
830 5203 965 5279 tundata
983 5211 1160 5302 neritonum,
1194 5227 1269 5297 quae
1286 5206 1322 5273 ad
1340 5199 1520 5270 inomandum
1539 5187 1738 5260 motorium

440 5305 470 5360 et
486 5301 651 5368 mainoldo
670 5311 831 5384 escandens
848 5319 978 5396 inservit.
1001 5367 1043 5381 -
1066 5349 1122 5396 ae.
1147 5322 1273 5394 ludexio
1288 5315 1461 5409 pemiwdtb
1482 5317 1526 5398 (¹¹
1540 5323 1624 5374 ‘¹¹⁰¹
1648 5319 1731 5388 ΡΨ*
