3682 6004
924 537 1166 607 ..¹2-

407 741 483 802 tates
501 733 593 820 ipsios
621 727 722 822 (rapot
737 735 768 796 et
783 724 890 818 tanda)
904 727 937 793 io
957 735 1113 816 segmento
1139 724 1227 812 noim
1246 724 1388 792 seetioais
1412 727 1528 796 merae
1543 728 1607 798 rire
1623 729 1721 798 dertro

264 841 281 860 ⁸
407 845 529 914 redietae
545 853 625 912 sunt.
646 881 694 894 -
712 863 747 932 p.
762 863 794 932 p.
814 837 921 910 Paries
938 841 1061 908 sinister
1077 841 1210 908 intestini
1225 839 1284 907 soii
1303 839 1508 908 ommes
1523 841 1637 932 Ιὶῃιη
1652 863 1720 912 ω..

408 960 505 1051 geloto
521 959 647 1027 endensi.
668 993 716 1010 -
734 955 768 1025 b.
786 955 937 1028 Pandionia
953 955 1065 1023 omenti
1081 955 1217 1043 majoris.
1235 989 1285 1006 -
1300 954 1326 1021 i.
1345 955 1371 1023 i.
1390 951 1573 1024 Rxsndatono
1589 978 1722 1026 serosam

408 1079 440 1142 in
459 1092 531 1142 earo
548 1073 724 1162 peritonaei.

362 1291 438 1386 Εἰς.
462 1293 499 1360 2.
526 1289 627 1362 Sestio
643 1311 698 1381 per
714 1311 819 1360 earnm
836 1291 956 1380 pienrae
972 1291 1112 1358 sinistrae
1127 1299 1159 1359 ot
1175 1309 1228 1378 per
1245 1291 1498 1378 bppoebondriom
1515 1294 1669 1362 sinistram
1686 1295 1721 1362 ad

412 1425 458 1494 di
476 1425 531 1492 iio.
549 1420 624 1494 Par.
643 1445 661 1494 a
676 1423 869 1512 processibus
885 1423 1015 1510 spinosis
1031 1421 1236 1492 vertebrarum
1248 1433 1279 1490 et
1293 1441 1383 1510 prope
1395 1425 1561 1514 marginem
1572 1437 1724 1494 externum

413 1578 457 1626 m.
495 1555 584 1626 iderti
605 1557 771 1626 abdominis
794 1555 909 1627 sinistri
931 1564 963 1624 et
986 1573 1040 1642 per
1061 1555 1185 1624 erisiam
1200 1555 1280 1625 ossis
1296 1555 1347 1624 iiei
1360 1551 1412 1644 (ad
1428 1552 1494 1638 ΡΙ.
1510 1557 1581 1644 poii.
1602 1553 1689 1648 Par.)
1708 1579 1725 1626 a

417 1691 501 1778 spina
520 1689 669 1758 anteriore
685 1687 839 1776 superiore
857 1689 887 1753 io
903 1685 1115 1777 longitudinem
1132 1683 1233 1753 doeta.

459 1897 591 1970 Cadaver
609 1901 738 1968 bominis
762 1897 867 1967 adniti.
903 1895 1025 1966 Caralis
1049 1897 1230 1965 intestinaiis
1259 1897 1373 1984 iiquore
1393 1897 1547 1988 oongeiato
1573 1911 1722 1970 extensos.

410 2013 486 2084 Lien
504 2014 526 2084 5
545 2015 616 2103 poli.
637 2024 667 2084 et
687 2013 707 2083 3
725 2013 779 2082 lin.
800 2011 872 2082 Par.
893 2012 1002 2103 longos
1017 2021 1048 2080 et
1065 2012 1085 2080 3
1102 2012 1175 2100 poii.
1202 2021 1233 2080 et
1257 2012 1311 2078 iio.
1339 2007 1414 2082 Par.
1440 2013 1555 2104 largos.
1588 2013 1725 2084 Coternm

414 2131 513 2200 omnia
529 2132 646 2202 risoera
661 2129 793 2220 pettor'm
808 2137 840 2198 et
853 2127 1020 2198 abdominis
1034 2125 1118 2196 mtto
1135 2127 1240 2196 morbo
1257 2127 1399 2216 orgaaieo
1415 2140 1561 2216 correpta.

460 2347 569 2419 Faoies
586 2350 702 2420 interna
719 2349 867 2441 segmenti
883 2347 1025 2416 sectionis
1040 2347 1155 2416 externi
1171 2367 1199 2414 s.
1218 2347 1347 2414 sinistri.
1363 2383 1410 2398 —
1421 2345 1461 2413 A.
1472 2343 1514 2414 B.
1529 2345 1724 2438 Cartiiaginee

412 2464 835 2554 uomonbnmms-
855 2461 894 2531 G.
919 2461 1194 2552 Cartiiagoeostae
1212 2460 1450 2548 meaatpott.
1470 2459 1542 2530 Par.
1560 2463 1726 2550 ajonetora

412 2602 480 2650 com
497 2591 598 2650 stnmo
614 2589 764 2670 perserta.
779 2618 826 2632 -
839 2579 889 2650 D.
903 2577 1087 2648 Extremitas
1103 2577 1278 2646 vertebralis
1295 2579 1514 2648 resosonat
1536 2581 1549 2648 i
1568 2579 1638 2668 poli.
1653 2578 1722 2652 Par.

414 2697 453 2765 ab
470 2698 675 2766 artiouiatione
691 2697 933 2766 eostorertebraii
951 2705 1099 2784 perseeta.
1119 2729 1167 2746 -
1184 2691 1228 2760 Ε.
1248 2694 1291 2762 F.
1307 2697 1349 2762 G.
1365 2691 1408 2762 Η.
1427 2691 1534 2762 Cestae
1552 2694 1589 2764 9·
1607 2733 1655 2748 -
1668 2696 1727 2764 id·

418 2819 556 2906 (qnorum
574 2815 720 2904 posterior
734 2815 772 2882 ad
785 2815 808 2882 9
821 2813 891 2904 poil.
909 2810 982 2881 Par.
998 2812 1036 2877 ab
1052 2810 1179 2878 artieoio
1195 2809 1437 2877 eostorertebraii
1453 2820 1587 2897 perseeta
1603 2815 1726 2892 ost).-

412 2927 443 2996 1.
465 2927 563 2998 Crista
581 2929 659 2996 ossis
678 2929 728 2997 iier
744 2929 781 2996 ad
799 2927 866 3010 W,
882 2928 953 3016 poti.
969 2925 1043 2994 Par.
1057 2946 1076 2995 a
1090 2927 1175 3013 spina
1191 2927 1340 2994 anteriore
1355 2925 1508 3011 superiore
1524 2935 1726 3012 persecu.-

410 3041 455 3111 1’.
470 3041 580 3134 biargo
597 3045 743 3132 posterior
760 3045 910 3111 incisurae
928 3041 1121 3110 isrbiadieae.
1137 3077 1185 3094 -
1198 3041 1243 3109 dd.
1262 3041 1304 3108 id.
1326 3039 1529 3128 dponmrosis
1546 3057 1588 3106 m.
1607 3035 1724 3128 Obbqoi

409 3157 575 3228 abdominis
591 3159 719 3228 externi.
733 3195 783 3210 —
795 3157 833 3226 t.
849 3157 898 3228 bi.
916 3154 1064 3246 Obiipmos
1079 3156 1247 3224 abdominis
1265 3157 1411 3224 internos.
1427 3191 1477 3206 -
1490 3153 1538 3224 dd.
1554 3152 1601 3224 bt.
1616 3151 1721 3227 Trans·

409 3293 515 3342 versos
531 3274 709 3358 abdominis,
735 3274 787 3362 spui
812 3273 889 3342 infra
916 3271 1023 3362 (prope
1039 3270 1086 3356 α’)
1120 3273 1149 3338 in
1178 3272 1376 3360 apoaearosio
1402 3271 1599 3338 oontiooator.
1618 3267 1722 3338 -N.

410 3385 627 3478 Diapbragma.
645 3425 695 3440 —
712 3387 756 3458 0.
778 3388 822 3456 Ρ.
849 3385 928 3458 Hm.
952 3385 1164 3478 longissimos
1191 3387 1273 3453 dorsi
1293 3394 1323 3454 et
1350 3381 1597 3454 Saeroiombaiis.
1616 3419 1663 3434 -
1680 3383 1722 3468 0.

410 3497 459 3570 di.
479 3497 650 3582 Quane-s
667 3501 850 3570 hubonem.
867 3537 918 3552 -
935 3501 978 3568 R.
997 3499 1030 3569 bi
1037 3549 1046 3568 .
1066 3499 1177 3568 iiiaeos
1194 3501 1341 3568 internos.
1359 3535 1409 3550 —
1424 3515 1462 3565 α.
1481 3497 1588 3590 Margo
1605 3499 1725 3566 inferior

411 3615 560 3702 rubuit
575 3619 705 3686 intem
717 3651 767 3670 -
781 3619 822 3702 β.
843 3615 950 3704 steps
965 3635 1086 3684 norom
1102 3615 1262 3703 pertundit
1279 3617 1436 3705 obtegens.
1454 3649 1503 3666 -
1514 3633 1547 3682 o.
1563 3633 1599 3682 o.
1615 3635 1649 3682 o.
1667 3612 1722 3682 ta·

410 3731 492 3796 ιίι
508 3731 671 3818 perbeati
686 3731 853 3818 pinis.
871 3763 923 3782 -
938 3727 1001 3798 e”.
1020 3728 1143 3800 lodonio
1164 3731 1293 3798 irminae
1314 3730 1437 3816 bnjnsre
1460 3729 1499 3798 ad
1526 3729 1724 3797 inroireedam

409 3843 630 3914 flerman'neii
646 3846 867 3914 team.
885 3881 935 3898 -
951 3845 986 3914 b.
1007 3843 1185 3914 biembrana
1209 3845 1308 3912 toanis
1331 3841 1557 3929 bbrroodmosa,
1585 3845 1723 3932 parietem

409 3961 605 4048 Μαια-
622 3962 680 4028 ooli
697 3961 906 4028 medatis
924 3961 1098 4042 intestine,
1117 3959 1148 4026 ia
1166 3959 1307 4026 marinam
1321 3959 1493 4027 ethim
1505 3969 1656 4028 emmam
1672 3977 1719 4046 pr·

413 4075 539 4143 reond
556 4077 706 4145 omens
723 4085 755 4143 et
769 4075 954 4142 inroiaerom
971 4073 1059 4142 iaeiai
1075 4076 1236 4142 anterioris
1251 4095 1295 4142 ιι.
1313 4069 1458 4156 Quadran'
1475 4073 1640 4142 iambormn
1654 4091 1721 4142 ora·

413 4193 552 4260 tumeas
566 4225 616 4244 -
630 4213 661 4259 e.
677 4211 709 4260 e.
729 4189 817 4259 Duae
833 4189 1007 4258 inflexiones
1023 4191 1186 4278 peritonaei
1203 4191 1285 4257 eirea
1301 4189 1394 4258 bidom
1411 4189 1511 4272 dionis,
1525 4208 1601 4277 qnae
1613 4197 1722 4256 otram·

414 4323 473 4393 qne
486 4305 626 4375 laninam
644 4309 796 4397 bigorrensi
812 4308 1034 4399 gastroiienaiis
1064 4315 1106 4392 (s.
1125 4307 1297 4375 mooiiei
1313 4307 1414 4388 imnis)
1443 4305 1636 4388 oomtitrnnt,
1653 4323 1720 4394 qra-

412 4437 480 4486 ιιι
503 4439 563 4488 nna
595 4423 626 4490 ia
654 4435 806 4490 omentum
823 4423 922 4510 napos
939 4443 972 4514 g.
992 4425 1192 4492 eertinnatnr.
1212 4457 1262 4474 -
1278 4421 1313 4489 d.
1333 4419 1370 4490 d.
1400 4419 1580 4509 Snpetdeies
1599 4439 1721 4488 marem

413 4539 445 4600 et
461 4551 563 4624 margo
580 4541 725 4622 posterior
741 4541 841 4622 boote,
860 4539 980 4626 propias
1000 4540 1219 4608 ortremitatera
1244 4539 1338 4624 ipsias
1362 4537 1547 4626 seperiorem
1579 4537 1620 4620 (a.
1639 4544 1722 4622 rapot

414 4645 533 4732 iteris),
554 4649 638 4736 pario
655 4651 771 4740 obiiqoe
788 4655 928 4740 perserti.
948 4687 998 4704 -
1014 4675 1043 4720 r.
1064 4649 1118 4722 r”.
1140 4651 1320 4722 inflexiones
1333 4652 1510 4740 perimi,
1534 4651 1570 4722 ad
1586 4651 1719 4720 iaminam

415 4761 598 4846 superiorem
614 4767 756 4832 mesoooii
779 4769 942 4836 menssersi
959 4777 990 4836 et
1005 4785 1035 4836 a.
1055 4789 1084 4836 r.
1104 4769 1250 4856 paridem
1267 4769 1462 4857 posteriorran
1478 4767 1587 4834 omenti
1604 4767 1719 4854 mrjoris

412 4871 611 4944 iornadm.
648 4873 745 4946 boens
772 4881 850 4949 irrer
872 4893 1028 4970 otrampoe
1043 4881 1151 4970 flios·
1167 4883 1330 4971 peritonaei
1347 4903 1377 4952 e.
1397 4901 1445 4960 e.‚
1462 4881 1572 4950 inim
1587 4897 1718 4948 moram

413 4999 614 5076 puroetonn
643 4993 807 5078 notiores,
838 4991 926 5063 iiior
949 4993 1047 5064 iirnr'r
1069 5005 1130 5065 est.
1166 4993 1248 5066 inter
1268 4993 1329 5064 σθ’
1345 5007 1376 5064 et
1396 5017 1414 5062 r
1434 5013 1503 5084 pars
1520 4995 1637 5064 sinistra
1657 4995 1717 5062 eari

413 5104 524 5173 omenti
553 5105 677 5192 majoris
704 5109 894 5196 ooospioiror.
913 5143 962 5164 -
978 5109 1005 5202 s.
1038 5107 1114 5180 Lien
1141 5131 1196 5200 per
1223 5109 1411 5200 wporbohn
1439 5127 1595 5178 eonrorem
1617 5118 1648 5178 et
1670 5125 1717 5196 por

413 5217 504 5286 bidom
521 5237 613 5308 propa
634 5221 848 5292 extremitatem
873 5227 1055 5320 superiorein
1081 5228 1145 5296 sim
1160 5241 1248 5318 oapor
1264 5229 1358 5318 ipsios
1374 5227 1491 5315 obiipoo
1509 5233 1716 5316 pomos.-
