<?xml version="1.0" encoding="UTF-8"?>
<!DOCTYPE html PUBLIC "-//W3C//DTD XHTML 1.0 Transitional//EN"
    "http://www.w3.org/TR/xhtml1/DTD/xhtml1-transitional.dtd">
<html xmlns="http://www.w3.org/1999/xhtml" xml:lang="en" lang="en">
 <head>
  <title>
</title>
<meta http-equiv="Content-Type" content="text/html;charset=utf-8" />
  <meta name='ocr-system' content='tesseract 3.04.00' />
  <meta name='ocr-capabilities' content='ocr_page ocr_carea ocr_par ocr_line ocrx_word'/>
</head>
<body>
  <div class='ocr_page' id='page_1' title='image "anatometopograp00pirogoog_0073.png"; bbox 0 0 3682 6004; ppageno 0'>
   <div class='ocr_carea' id='block_1_1' title="bbox 692 507 938 584">
    <p class='ocr_par' dir='ltr' id='par_1_1' title="bbox 692 507 938 584">
     <span class='ocr_line' id='line_1_1' title="bbox 692 507 938 584; baseline 0.008 -32"><span class='ocrx_word' id='word_1_1' title='bbox 692 507 938 584; x_wconf 56' lang='lat'>..23-</span> 
     </span>
    </p>
   </div>
   <div class='ocr_carea' id='block_1_2' title="bbox 104 767 1505 3282">
    <p class='ocr_par' dir='ltr' id='par_1_2' title="bbox 120 767 1504 1097">
     <span class='ocr_line' id='line_1_2' title="bbox 120 767 1503 867; baseline 0.001 -27"><span class='ocrx_word' id='word_1_2' title='bbox 120 781 320 844; x_wconf 89' lang='lat' dir='ltr'><strong>transverse</strong></span> <span class='ocrx_word' id='word_1_3' title='bbox 349 781 502 867; x_wconf 83' lang='lat' dir='ltr'><strong>pereocta</strong></span> <span class='ocrx_word' id='word_1_4' title='bbox 539 771 598 854; x_wconf 81' lang='lat' dir='ltr'><strong>sit,</strong></span> <span class='ocrx_word' id='word_1_5' title='bbox 632 769 804 844; x_wconf 85' lang='lat' dir='ltr'><strong>diversam</strong></span> <span class='ocrx_word' id='word_1_6' title='bbox 819 792 910 843; x_wconf 70' lang='lat' dir='ltr'><strong>ossae</strong></span> <span class='ocrx_word' id='word_1_7' title='bbox 945 769 1019 840; x_wconf 81' lang='lat' dir='ltr'><strong>iere</strong></span> <span class='ocrx_word' id='word_1_8' title='bbox 1036 768 1220 842; x_wconf 87' lang='lat' dir='ltr'><strong>rotundam</strong></span> <span class='ocrx_word' id='word_1_9' title='bbox 1238 767 1340 864; x_wconf 83' lang='lat' dir='ltr'><strong>(Tab.</strong></span> <span class='ocrx_word' id='word_1_10' title='bbox 1360 771 1422 852; x_wconf 65' lang='lat' dir='ltr'><strong>bd,</strong></span> <span class='ocrx_word' id='word_1_11' title='bbox 1441 769 1503 863; x_wconf 66' lang='lat' dir='ltr'><strong>bd)</strong></span> 
     </span>
     <span class='ocr_line' id='line_1_3' title="bbox 120 882 1504 981; baseline 0.001 -27"><span class='ocrx_word' id='word_1_12' title='bbox 120 909 229 981; x_wconf 87' lang='lat' dir='ltr'><strong>prope</strong></span> <span class='ocrx_word' id='word_1_13' title='bbox 265 885 401 981; x_wconf 91' lang='lat' dir='ltr'><strong>apicem</strong></span> <span class='ocrx_word' id='word_1_14' title='bbox 431 895 465 956; x_wconf 89' lang='lat' dir='ltr'><strong>et</strong></span> <span class='ocrx_word' id='word_1_15' title='bbox 496 884 661 956; x_wconf 80' lang='lat' dir='ltr'><strong>isthmum</strong></span> <span class='ocrx_word' id='word_1_16' title='bbox 695 883 871 968; x_wconf 88' lang='lat' dir='ltr'><strong>uretbrae;</strong></span> <span class='ocrx_word' id='word_1_17' title='bbox 895 882 1153 958; x_wconf 80' lang='lat' dir='ltr'><strong>cordiicrmem</strong></span> <span class='ocrx_word' id='word_1_18' title='bbox 1187 885 1223 956; x_wconf 91' lang='lat' dir='ltr'><strong>in</strong></span> <span class='ocrx_word' id='word_1_19' title='bbox 1263 883 1376 958; x_wconf 87' lang='lat' dir='ltr'><strong>medie</strong></span> <span class='ocrx_word' id='word_1_20' title='bbox 1409 897 1504 980; x_wconf 89' lang='lat' dir='ltr'><strong>parte</strong></span> 
     </span>
     <span class='ocr_line' id='line_1_4' title="bbox 120 998 1019 1097; baseline 0.001 -27"><span class='ocrx_word' id='word_1_21' title='bbox 120 999 222 1094; x_wconf 83' lang='lat' dir='ltr'><strong>(st.</strong></span> <span class='ocrx_word' id='word_1_22' title='bbox 238 1002 319 1097; x_wconf 78' lang='lat' dir='ltr'><strong>2d);</strong></span> <span class='ocrx_word' id='word_1_23' title='bbox 338 1001 410 1070; x_wconf 84' lang='lat' dir='ltr'><strong>iere</strong></span> <span class='ocrx_word' id='word_1_24' title='bbox 429 998 706 1096; x_wconf 78' lang='lat' dir='ltr'><strong>quadrangulam</strong></span> <span class='ocrx_word' id='word_1_25' title='bbox 723 1024 832 1096; x_wconf 91' lang='lat' dir='ltr'><strong>prope</strong></span> <span class='ocrx_word' id='word_1_26' title='bbox 849 1000 964 1072; x_wconf 88' lang='lat' dir='ltr'><strong>basin.</strong></span> <span class='ocrx_word' id='word_1_27' title='bbox 1016 1017 1019 1026; x_wconf 91' lang='grc'>’</span> 
     </span>
    </p>

    <p class='ocr_par' dir='ltr' id='par_1_3' title="bbox 116 1111 1503 1440">
     <span class='ocr_line' id='line_1_5' title="bbox 166 1111 1503 1211; baseline 0.001 -26"><span class='ocrx_word' id='word_1_28' title='bbox 166 1113 292 1187; x_wconf 82' lang='lat' dir='ltr'><strong>Plures</strong></span> <span class='ocrx_word' id='word_1_29' title='bbox 315 1114 598 1200; x_wconf 88' lang='lat' dir='ltr'><strong>adumbrationes</strong></span> <span class='ocrx_word' id='word_1_30' title='bbox 624 1126 801 1210; x_wconf 86' lang='lat' dir='ltr'><strong>praeterea</strong></span> <span class='ocrx_word' id='word_1_31' title='bbox 826 1124 1017 1211; x_wconf 82' lang='lat' dir='ltr'><strong>prostetem</strong></span> <span class='ocrx_word' id='word_1_32' title='bbox 1036 1113 1172 1186; x_wconf 86' lang='lat' dir='ltr'><strong>diverso</strong></span> <span class='ocrx_word' id='word_1_33' title='bbox 1198 1113 1318 1197; x_wconf 82' lang='lat' dir='ltr'><strong>modo,</strong></span> <span class='ocrx_word' id='word_1_34' title='bbox 1347 1114 1441 1208; x_wconf 86' lang='lat' dir='ltr'><strong>quod</strong></span> <span class='ocrx_word' id='word_1_35' title='bbox 1467 1111 1503 1186; x_wconf 93' lang='lat' dir='ltr'><strong>in</strong></span> 
     </span>
     <span class='ocr_line' id='line_1_6' title="bbox 116 1227 1502 1322; baseline 0.003 -24"><span class='ocrx_word' id='word_1_36' title='bbox 116 1227 267 1322; x_wconf 74' lang='lat' dir='ltr'><strong>diversis</strong></span> <span class='ocrx_word' id='word_1_37' title='bbox 291 1230 517 1302; x_wconf 82' lang='lat' dir='ltr'><strong>litbotomiee</strong></span> <span class='ocrx_word' id='word_1_38' title='bbox 546 1229 718 1302; x_wconf 74' lang='lat' dir='ltr'><strong>methodis</strong></span> <span class='ocrx_word' id='word_1_39' title='bbox 736 1229 877 1310; x_wconf 84' lang='lat' dir='ltr'><strong>eccidit.</strong></span> <span class='ocrx_word' id='word_1_40' title='bbox 896 1238 1108 1304; x_wconf 82' lang='lat' dir='ltr'><strong>transactam</strong></span> <span class='ocrx_word' id='word_1_41' title='bbox 1138 1237 1173 1300; x_wconf 93' lang='lat' dir='ltr'><strong>ot</strong></span> <span class='ocrx_word' id='word_1_42' title='bbox 1191 1227 1314 1302; x_wconf 87' lang='lat' dir='ltr'><strong>deiude</strong></span> <span class='ocrx_word' id='word_1_43' title='bbox 1346 1230 1383 1300; x_wconf 95' lang='lat' dir='ltr'><strong>in</strong></span> <span class='ocrx_word' id='word_1_44' title='bbox 1401 1227 1502 1302; x_wconf 87' lang='lat' dir='ltr'><strong>coda·</strong></span> 
     </span>
     <span class='ocr_line' id='line_1_7' title="bbox 117 1343 1155 1440; baseline -0.001 -26"><span class='ocrx_word' id='word_1_45' title='bbox 117 1366 198 1415; x_wconf 86' lang='lat' dir='ltr'><strong>vere</strong></span> <span class='ocrx_word' id='word_1_46' title='bbox 217 1345 404 1440; x_wconf 75' lang='lat' dir='ltr'><strong>congelato</strong></span> <span class='ocrx_word' id='word_1_47' title='bbox 423 1356 591 1416; x_wconf 88' lang='lat' dir='ltr'><strong>tresversc</strong></span> <span class='ocrx_word' id='word_1_48' title='bbox 611 1353 802 1439; x_wconf 79' lang='lat' dir='ltr'><strong>percoctam</strong></span> <span class='ocrx_word' id='word_1_49' title='bbox 818 1343 1001 1439; x_wconf 78' lang='lat' dir='ltr'><strong>effingunt.</strong></span> <span class='ocrx_word' id='word_1_50' title='bbox 1151 1397 1155 1406; x_wconf 93' lang='lat'>.</span> 
     </span>
    </p>

    <p class='ocr_par' dir='ltr' id='par_1_4' title="bbox 104 1457 1505 3144">
     <span class='ocr_line' id='line_1_8' title="bbox 164 1457 1505 1556; baseline 0 -26"><span class='ocrx_word' id='word_1_51' title='bbox 164 1458 221 1530; x_wconf 79' lang='lat' dir='ltr'><strong>Ad</strong></span> <span class='ocrx_word' id='word_1_52' title='bbox 242 1461 362 1532; x_wconf 87' lang='lat' dir='ltr'><strong>icones</strong></span> <span class='ocrx_word' id='word_1_53' title='bbox 380 1459 453 1546; x_wconf 83' lang='lat' dir='ltr'><strong>bes,</strong></span> <span class='ocrx_word' id='word_1_54' title='bbox 473 1483 562 1554; x_wconf 87' lang='lat' dir='ltr'><strong>quae</strong></span> <span class='ocrx_word' id='word_1_55' title='bbox 581 1460 819 1556; x_wconf 73' lang='lat' dir='ltr'><strong>operationem</strong></span> <span class='ocrx_word' id='word_1_56' title='bbox 846 1457 1068 1532; x_wconf 83' lang='lat' dir='ltr'><strong>litbotomiee</strong></span> <span class='ocrx_word' id='word_1_57' title='bbox 1082 1457 1306 1554; x_wconf 74' lang='lat' dir='ltr'><strong>perlustrant,</strong></span> <span class='ocrx_word' id='word_1_58' title='bbox 1332 1457 1421 1531; x_wconf 89' lang='lat' dir='ltr'><strong>bene</strong></span> <span class='ocrx_word' id='word_1_59' title='bbox 1449 1459 1505 1530; x_wconf 90' lang='lat' dir='ltr'><strong>in·</strong></span> 
     </span>
     <span class='ocr_line' id='line_1_9' title="bbox 115 1571 1500 1669; baseline 0.001 -27"><span class='ocrx_word' id='word_1_60' title='bbox 115 1571 327 1667; x_wconf 82' lang='lat' dir='ltr'><strong>telligendas</strong></span> <span class='ocrx_word' id='word_1_61' title='bbox 339 1574 425 1644; x_wconf 91' lang='lat' dir='ltr'><strong>beec</strong></span> <span class='ocrx_word' id='word_1_62' title='bbox 442 1575 627 1647; x_wconf 89' lang='lat' dir='ltr'><strong>observare</strong></span> <span class='ocrx_word' id='word_1_63' title='bbox 645 1597 784 1647; x_wconf 88' lang='lat' dir='ltr'><strong>necesse</strong></span> <span class='ocrx_word' id='word_1_64' title='bbox 803 1586 869 1647; x_wconf 75' lang='lat' dir='ltr'><strong>ests</strong></span> <span class='ocrx_word' id='word_1_65' title='bbox 907 1577 973 1646; x_wconf 73' lang='lat'><strong>¹⁰¹⁰</strong></span> <span class='ocrx_word' id='word_1_66' title='bbox 991 1575 1171 1645; x_wconf 75' lang='lat' dir='ltr'><strong>sectiones</strong></span> <span class='ocrx_word' id='word_1_67' title='bbox 1186 1572 1279 1646; x_wconf 90' lang='lat' dir='ltr'><strong>bunc</strong></span> <span class='ocrx_word' id='word_1_68' title='bbox 1297 1573 1342 1645; x_wconf 92' lang='lat' dir='ltr'><strong>ad</strong></span> <span class='ocrx_word' id='word_1_69' title='bbox 1358 1597 1500 1669; x_wconf 90' lang='lat' dir='ltr'><strong>scopum</strong></span> 
     </span>
     <span class='ocr_line' id='line_1_10' title="bbox 114 1687 1503 1785; baseline 0.002 -26"><span class='ocrx_word' id='word_1_70' title='bbox 114 1711 176 1782; x_wconf 89' lang='lat' dir='ltr'><strong>por</strong></span> <span class='ocrx_word' id='word_1_71' title='bbox 191 1688 325 1778; x_wconf 79' lang='lat' dir='ltr'><strong>pelvim</strong></span> <span class='ocrx_word' id='word_1_72' title='bbox 338 1689 511 1761; x_wconf 87' lang='lat' dir='ltr'><strong>minorem</strong></span> <span class='ocrx_word' id='word_1_73' title='bbox 529 1691 649 1761; x_wconf 84' lang='lat' dir='ltr'><strong>ductas</strong></span> <span class='ocrx_word' id='word_1_74' title='bbox 681 1691 790 1783; x_wconf 81' lang='lat' dir='ltr'><strong>(coni.</strong></span> <span class='ocrx_word' id='word_1_75' title='bbox 827 1689 914 1760; x_wconf 85' lang='lat' dir='ltr'><strong>Teb.</strong></span> <span class='ocrx_word' id='word_1_76' title='bbox 934 1689 1097 1784; x_wconf 71' lang='lat'><strong>22-27)</strong></span> <span class='ocrx_word' id='word_1_77' title='bbox 1118 1687 1325 1785; x_wconf 87' lang='lat' dir='ltr'><strong>plerumque</strong></span> <span class='ocrx_word' id='word_1_78' title='bbox 1339 1688 1503 1762; x_wconf 86' lang='lat' dir='ltr'><strong>directio·</strong></span> 
     </span>
     <span class='ocr_line' id='line_1_11' title="bbox 114 1803 1503 1901; baseline 0.001 -27"><span class='ocrx_word' id='word_1_79' title='bbox 114 1825 195 1874; x_wconf 89' lang='lat' dir='ltr'><strong>nam</strong></span> <span class='ocrx_word' id='word_1_80' title='bbox 211 1827 285 1875; x_wconf 96' lang='lat' dir='ltr'><strong>non</strong></span> <span class='ocrx_word' id='word_1_81' title='bbox 298 1803 365 1875; x_wconf 84' lang='lat' dir='ltr'><strong>rite</strong></span> <span class='ocrx_word' id='word_1_82' title='bbox 383 1813 627 1885; x_wconf 76' lang='lat' dir='ltr'><strong>transversam,</strong></span> <span class='ocrx_word' id='word_1_83' title='bbox 644 1805 709 1877; x_wconf 78' lang='lat' dir='ltr'><strong>sed¹</strong></span> <span class='ocrx_word' id='word_1_84' title='bbox 721 1807 838 1901; x_wconf 86' lang='lat' dir='ltr'><strong>potius</strong></span> <span class='ocrx_word' id='word_1_85' title='bbox 855 1805 1001 1900; x_wconf 89' lang='lat' dir='ltr'><strong>obliquo</strong></span> <span class='ocrx_word' id='word_1_86' title='bbox 1021 1813 1254 1892; x_wconf 86' lang='lat' dir='ltr'><strong>transversum</strong></span> <span class='ocrx_word' id='word_1_87' title='bbox 1272 1809 1381 1900; x_wconf 89' lang='lat' dir='ltr'><strong>sequi,</strong></span> <span class='ocrx_word' id='word_1_88' title='bbox 1402 1807 1450 1876; x_wconf 90' lang='lat' dir='ltr'><strong>ite</strong></span> <span class='ocrx_word' id='word_1_89' title='bbox 1464 1815 1503 1876; x_wconf 93' lang='lat' dir='ltr'><strong>ut</strong></span> 
     </span>
     <span class='ocr_line' id='line_1_12' title="bbox 114 1918 1500 2019; baseline 0.001 -28"><span class='ocrx_word' id='word_1_90' title='bbox 114 1920 208 1992; x_wconf 91' lang='lat' dir='ltr'><strong>linea</strong></span> <span class='ocrx_word' id='word_1_91' title='bbox 231 1945 355 1993; x_wconf 89' lang='lat' dir='ltr'><strong>secans</strong></span> <span class='ocrx_word' id='word_1_92' title='bbox 372 1945 392 1991; x_wconf 89' lang='lat' dir='ltr'><strong>a</strong></span> <span class='ocrx_word' id='word_1_93' title='bbox 411 1924 588 2019; x_wconf 79' lang='lat' dir='ltr'><strong>symphyti</strong></span> <span class='ocrx_word' id='word_1_94' title='bbox 608 1923 709 2018; x_wconf 80' lang='lat' dir='ltr'><strong>pubis</strong></span> <span class='ocrx_word' id='word_1_95' title='bbox 725 1923 830 1995; x_wconf 90' lang='lat' dir='ltr'><strong>modo</strong></span> <span class='ocrx_word' id='word_1_96' title='bbox 848 1922 1029 2004; x_wconf 86' lang='lat' dir='ltr'><strong>deorsum,</strong></span> <span class='ocrx_word' id='word_1_97' title='bbox 1050 1920 1153 1992; x_wconf 91' lang='lat' dir='ltr'><strong>modo</strong></span> <span class='ocrx_word' id='word_1_98' title='bbox 1171 1918 1276 2015; x_wconf 89' lang='lat' dir='ltr'><strong>paulo</strong></span> <span class='ocrx_word' id='word_1_99' title='bbox 1294 1942 1429 1991; x_wconf 81' lang='lat' dir='ltr'><strong>sermm</strong></span> <span class='ocrx_word' id='word_1_100' title='bbox 1450 1919 1500 1992; x_wconf 83' lang='lat' dir='ltr'><strong>(li-</strong></span> 
     </span>
     <span class='ocr_line' id='line_1_13' title="bbox 114 2034 1502 2133; baseline 0 -27"><span class='ocrx_word' id='word_1_101' title='bbox 114 2048 214 2108; x_wconf 88' lang='lat' dir='ltr'><strong>recta</strong></span> <span class='ocrx_word' id='word_1_102' title='bbox 231 2039 290 2115; x_wconf 87' lang='lat' dir='ltr'><strong>sit.</strong></span> <span class='ocrx_word' id='word_1_103' title='bbox 323 2037 417 2131; x_wconf 93' lang='lat' dir='ltr'><strong>quod</strong></span> <span class='ocrx_word' id='word_1_104' title='bbox 434 2060 480 2110; x_wconf 86' lang='lat' dir='ltr'><strong>ex</strong></span> <span class='ocrx_word' id='word_1_105' title='bbox 499 2047 596 2133; x_wconf 91' lang='lat' dir='ltr'><strong>perte</strong></span> <span class='ocrx_word' id='word_1_106' title='bbox 619 2036 795 2108; x_wconf 79' lang='lat' dir='ltr'><strong>ediverso</strong></span> <span class='ocrx_word' id='word_1_107' title='bbox 816 2036 928 2130; x_wconf 78' lang='lat' dir='ltr'><strong>gradu</strong></span> <span class='ocrx_word' id='word_1_108' title='bbox 947 2035 1186 2109; x_wconf 77' lang='lat' dir='ltr'><strong>inclinationis</strong></span> <span class='ocrx_word' id='word_1_109' title='bbox 1205 2034 1315 2128; x_wconf 88' lang='lat' dir='ltr'><strong>pelvis</strong></span> <span class='ocrx_word' id='word_1_110' title='bbox 1333 2035 1369 2106; x_wconf 91' lang='lat' dir='ltr'><strong>in</strong></span> <span class='ocrx_word' id='word_1_111' title='bbox 1387 2034 1502 2108; x_wconf 87' lang='lat' dir='ltr'><strong>diver·</strong></span> 
     </span>
     <span class='ocr_line' id='line_1_14' title="bbox 113 2149 1499 2247; baseline -0.001 -25"><span class='ocrx_word' id='word_1_112' title='bbox 113 2154 161 2223; x_wconf 88' lang='lat' dir='ltr'><strong>sis</strong></span> <span class='ocrx_word' id='word_1_113' title='bbox 179 2153 425 2232; x_wconf 83' lang='lat' dir='ltr'><strong>cadaveribus,</strong></span> <span class='ocrx_word' id='word_1_114' title='bbox 446 2176 490 2223; x_wconf 88' lang='lat' dir='ltr'><strong>ex</strong></span> <span class='ocrx_word' id='word_1_115' title='bbox 503 2163 601 2247; x_wconf 92' lang='lat' dir='ltr'><strong>parte</strong></span> <span class='ocrx_word' id='word_1_116' title='bbox 617 2176 638 2222; x_wconf 92' lang='lat' dir='ltr'><strong>a</strong></span> <span class='ocrx_word' id='word_1_117' title='bbox 652 2151 789 2222; x_wconf 88' lang='lat' dir='ltr'><strong>diverso</strong></span> <span class='ocrx_word' id='word_1_118' title='bbox 803 2152 886 2233; x_wconf 84' lang='lat' dir='ltr'><strong>situ,</strong></span> <span class='ocrx_word' id='word_1_119' title='bbox 902 2151 1022 2246; x_wconf 93' lang='lat' dir='ltr'><strong>inquo</strong></span> <span class='ocrx_word' id='word_1_120' title='bbox 1042 2150 1160 2245; x_wconf 82' lang='lat' dir='ltr'><strong>pelves</strong></span> <span class='ocrx_word' id='word_1_121' title='bbox 1176 2149 1256 2245; x_wconf 70' lang='lat' dir='ltr'><strong>gelu</strong></span> <span class='ocrx_word' id='word_1_122' title='bbox 1275 2157 1415 2225; x_wconf 86' lang='lat' dir='ltr'><strong>coactae</strong></span> <span class='ocrx_word' id='word_1_123' title='bbox 1432 2159 1499 2222; x_wconf 91' lang='lat' dir='ltr'><strong>sta·</strong></span> 
     </span>
     <span class='ocr_line' id='line_1_15' title="bbox 113 2264 1498 2372; baseline 0.001 -36"><span class='ocrx_word' id='word_1_124' title='bbox 113 2265 240 2339; x_wconf 83' lang='lat' dir='ltr'><strong>bilitas</strong></span> <span class='ocrx_word' id='word_1_125' title='bbox 265 2278 376 2345; x_wconf 83' lang='lat' dir='ltr'><strong>erant.</strong></span> <span class='ocrx_word' id='word_1_126' title='bbox 405 2264 634 2361; x_wconf 81' lang='lat' dir='ltr'><strong>dependebat,</strong></span> <span class='ocrx_word' id='word_1_127' title='bbox 664 2265 792 2372; x_wconf 78' lang='lat' dir='ltr'><strong>pertint</strong></span> <span class='ocrx_word' id='word_1_128' title='bbox 811 2287 893 2337; x_wconf 91' lang='lat' dir='ltr'><strong>vcro</strong></span> <span class='ocrx_word' id='word_1_129' title='bbox 912 2289 955 2336; x_wconf 91' lang='lat' dir='ltr'><strong>eo</strong></span> <span class='ocrx_word' id='word_1_130' title='bbox 971 2265 1150 2360; x_wconf 88' lang='lat' dir='ltr'><strong>proposito</strong></span> <span class='ocrx_word' id='word_1_131' title='bbox 1168 2287 1189 2336; x_wconf 91' lang='grc' dir='ltr'><strong>ιι</strong></span> <span class='ocrx_word' id='word_1_132' title='bbox 1205 2287 1261 2338; x_wconf 85' lang='lat' dir='ltr'><strong>nte</strong></span> <span class='ocrx_word' id='word_1_133' title='bbox 1282 2266 1413 2338; x_wconf 83' lang='lat' dir='ltr'><strong>lectum</strong></span> <span class='ocrx_word' id='word_1_134' title='bbox 1433 2275 1498 2350; x_wconf 79' lang='lat' dir='ltr'><strong>est,</strong></span> 
     </span>
     <span class='ocr_line' id='line_1_16' title="bbox 113 2379 1501 2480; baseline 0.001 -27"><span class='ocrx_word' id='word_1_135' title='bbox 113 2395 151 2454; x_wconf 92' lang='lat' dir='ltr'><strong>ut</strong></span> <span class='ocrx_word' id='word_1_136' title='bbox 171 2395 288 2480; x_wconf 88' lang='lat' dir='ltr'><strong>partes</strong></span> <span class='ocrx_word' id='word_1_137' title='bbox 314 2383 476 2454; x_wconf 85' lang='lat' dir='ltr'><strong>urctbrae</strong></span> <span class='ocrx_word' id='word_1_138' title='bbox 494 2393 527 2454; x_wconf 89' lang='lat' dir='ltr'><strong>et</strong></span> <span class='ocrx_word' id='word_1_139' title='bbox 545 2391 734 2478; x_wconf 82' lang='lat' dir='ltr'><strong>prostatus,</strong></span> <span class='ocrx_word' id='word_1_140' title='bbox 772 2385 864 2454; x_wconf 88' lang='lat' dir='ltr'><strong>inter</strong></span> <span class='ocrx_word' id='word_1_141' title='bbox 889 2383 1128 2478; x_wconf 86' lang='lat' dir='ltr'><strong>operationem</strong></span> <span class='ocrx_word' id='word_1_142' title='bbox 1146 2379 1273 2466; x_wconf 78' lang='lat' dir='ltr'><strong>laesae,</strong></span> <span class='ocrx_word' id='word_1_143' title='bbox 1294 2379 1421 2452; x_wconf 84' lang='lat' dir='ltr'><strong>clarius</strong></span> <span class='ocrx_word' id='word_1_144' title='bbox 1439 2403 1501 2456; x_wconf 81' lang='lat' dir='ltr'><strong>ex·</strong></span> 
     </span>
     <span class='ocr_line' id='line_1_17' title="bbox 112 2495 1501 2592; baseline 0.001 -25"><span class='ocrx_word' id='word_1_145' title='bbox 112 2509 307 2592; x_wconf 87' lang='lat' dir='ltr'><strong>ponantur.</strong></span> <span class='ocrx_word' id='word_1_146' title='bbox 336 2499 399 2570; x_wconf 73' lang='lat'><strong>2⁶⁰.</strong></span> <span class='ocrx_word' id='word_1_147' title='bbox 415 2497 555 2592; x_wconf 77' lang='lat' dir='ltr'><strong>plagam</strong></span> <span class='ocrx_word' id='word_1_148' title='bbox 574 2505 749 2590; x_wconf 87' lang='lat' dir='ltr'><strong>prostatae</strong></span> <span class='ocrx_word' id='word_1_149' title='bbox 783 2496 965 2576; x_wconf 84' lang='lat' dir='ltr'><strong>inflictam,</strong></span> <span class='ocrx_word' id='word_1_150' title='bbox 987 2496 1139 2575; x_wconf 85' lang='lat' dir='ltr'><strong>etiamsi,</strong></span> <span class='ocrx_word' id='word_1_151' title='bbox 1158 2503 1198 2566; x_wconf 98' lang='lat' dir='ltr'><strong>ut</strong></span> <span class='ocrx_word' id='word_1_152' title='bbox 1217 2516 1292 2566; x_wconf 88' lang='lat' dir='ltr'><strong>mos</strong></span> <span class='ocrx_word' id='word_1_153' title='bbox 1308 2505 1374 2577; x_wconf 83' lang='lat' dir='ltr'><strong>est,</strong></span> <span class='ocrx_word' id='word_1_154' title='bbox 1392 2495 1435 2570; x_wconf 85' lang='lat' dir='ltr'><strong>in</strong></span> <span class='ocrx_word' id='word_1_155' title='bbox 1453 2499 1501 2568; x_wconf 87' lang='lat' dir='ltr'><strong>si·</strong></span> 
     </span>
     <span class='ocr_line' id='line_1_18' title="bbox 113 2610 1496 2707; baseline 0.001 -25"><span class='ocrx_word' id='word_1_156' title='bbox 113 2613 228 2684; x_wconf 88' lang='lat' dir='ltr'><strong>nistro</strong></span> <span class='ocrx_word' id='word_1_157' title='bbox 255 2613 365 2684; x_wconf 89' lang='lat' dir='ltr'><strong>latere</strong></span> <span class='ocrx_word' id='word_1_158' title='bbox 399 2612 553 2707; x_wconf 86' lang='lat' dir='ltr'><strong>perinaei</strong></span> <span class='ocrx_word' id='word_1_159' title='bbox 580 2611 758 2682; x_wconf 85' lang='lat' dir='ltr'><strong>cadaveris</strong></span> <span class='ocrx_word' id='word_1_160' title='bbox 783 2611 937 2694; x_wconf 88' lang='lat' dir='ltr'><strong>ductam,</strong></span> <span class='ocrx_word' id='word_1_161' title='bbox 969 2610 1044 2681; x_wconf 80' lang='lat' dir='ltr'><strong>tere</strong></span> <span class='ocrx_word' id='word_1_162' title='bbox 1061 2612 1263 2704; x_wconf 89' lang='lat' dir='ltr'><strong>semper.in</strong></span> <span class='ocrx_word' id='word_1_163' title='bbox 1282 2610 1496 2686; x_wconf 80' lang='lat' dir='ltr'><strong>sectionibus</strong></span> 
     </span>
     <span class='ocr_line' id='line_1_19' title="bbox 106 2706 1497 2821; baseline 0 -23"><span class='ocrx_word' id='word_1_164' title='bbox 106 2706 228 2820; x_wconf 38' lang='lat' dir='ltr'><strong>&#39;pelvis</strong></span> <span class='ocrx_word' id='word_1_165' title='bbox 245 2715 449 2800; x_wconf 82' lang='lat' dir='ltr'><strong>transversis</strong></span> <span class='ocrx_word' id='word_1_166' title='bbox 462 2728 638 2798; x_wconf 79' lang='lat' dir='ltr'><strong>sinistram</strong></span> <span class='ocrx_word' id='word_1_167' title='bbox 656 2726 796 2798; x_wconf 87' lang='lat' dir='ltr'><strong>lectoris</strong></span> <span class='ocrx_word' id='word_1_168' title='bbox 812 2734 982 2820; x_wconf 83' lang='lat' dir='ltr'><strong>spectaro,</strong></span> <span class='ocrx_word' id='word_1_169' title='bbox 1000 2724 1087 2820; x_wconf 83' lang='lat' dir='ltr'><strong>(vid.</strong></span> <span class='ocrx_word' id='word_1_170' title='bbox 1103 2726 1191 2797; x_wconf 90' lang='lat' dir='ltr'><strong>Teb.</strong></span> <span class='ocrx_word' id='word_1_171' title='bbox 1206 2727 1383 2812; x_wconf 63' lang='lat'><strong>22-24).</strong></span> <span class='ocrx_word' id='word_1_172' title='bbox 1403 2725 1497 2821; x_wconf 86' lang='lat' dir='ltr'><strong>qnod</strong></span> 
     </span>
     <span class='ocr_line' id='line_1_20' title="bbox 112 2839 1496 2938; baseline -0.001 -25"><span class='ocrx_word' id='word_1_173' title='bbox 112 2843 220 2914; x_wconf 80' lang='lat' dir='ltr'><strong>focile</strong></span> <span class='ocrx_word' id='word_1_174' title='bbox 240 2843 449 2938; x_wconf 82' lang='lat' dir='ltr'><strong>explicatur,</strong></span> <span class='ocrx_word' id='word_1_175' title='bbox 482 2843 511 2912; x_wconf 90' lang='lat' dir='ltr'><strong>si</strong></span> <span class='ocrx_word' id='word_1_176' title='bbox 541 2843 578 2913; x_wconf 93' lang='lat' dir='ltr'><strong>in</strong></span> <span class='ocrx_word' id='word_1_177' title='bbox 598 2843 803 2914; x_wconf 87' lang='lat' dir='ltr'><strong>memoriam</strong></span> <span class='ocrx_word' id='word_1_178' title='bbox 820 2863 964 2912; x_wconf 83' lang='lat' dir='ltr'><strong>revocas</strong></span> <span class='ocrx_word' id='word_1_179' title='bbox 982 2843 1018 2911; x_wconf 93' lang='lat' dir='ltr'><strong>in</strong></span> <span class='ocrx_word' id='word_1_180' title='bbox 1036 2839 1163 2913; x_wconf 87' lang='lat' dir='ltr'><strong>tabulis</strong></span> <span class='ocrx_word' id='word_1_181' title='bbox 1180 2840 1235 2914; x_wconf 83' lang='lat' dir='ltr'><strong>bis</strong></span> <span class='ocrx_word' id='word_1_182' title='bbox 1252 2842 1377 2917; x_wconf 81' lang='lat' dir='ltr'><strong>faciem</strong></span> <span class='ocrx_word' id='word_1_183' title='bbox 1394 2861 1496 2936; x_wconf 89' lang='lat' dir='ltr'><strong>supe·</strong></span> 
     </span>
     <span class='ocr_line' id='line_1_21' title="bbox 111 2954 1496 3053; baseline 0 -24"><span class='ocrx_word' id='word_1_184' title='bbox 111 2961 245 3032; x_wconf 89' lang='lat' dir='ltr'><strong>ricrem</strong></span> <span class='ocrx_word' id='word_1_185' title='bbox 265 2957 438 3053; x_wconf 77' lang='lat' dir='ltr'><strong>segmenti</strong></span> <span class='ocrx_word' id='word_1_186' title='bbox 455 2955 568 3030; x_wconf 77' lang='lat' dir='ltr'><strong>infimi</strong></span> <span class='ocrx_word' id='word_1_187' title='bbox 587 2957 699 3051; x_wconf 91' lang='lat' dir='ltr'><strong>pelvis</strong></span> <span class='ocrx_word' id='word_1_188' title='bbox 717 2966 892 3053; x_wconf 85' lang='lat' dir='ltr'><strong>persectae</strong></span> <span class='ocrx_word' id='word_1_189' title='bbox 918 2954 974 3026; x_wconf 89' lang='lat' dir='ltr'><strong>vel</strong></span> <span class='ocrx_word' id='word_1_190' title='bbox 1000 2956 1126 3028; x_wconf 84' lang='lat' dir='ltr'><strong>taciem</strong></span> <span class='ocrx_word' id='word_1_191' title='bbox 1150 2955 1307 3028; x_wconf 81' lang='lat' dir='ltr'><strong>infimam</strong></span> <span class='ocrx_word' id='word_1_192' title='bbox 1333 2957 1496 3029; x_wconf 82' lang='lat' dir='ltr'><strong>sectionis</strong></span> 
     </span>
     <span class='ocr_line' id='line_1_22' title="bbox 104 3073 464 3144; baseline 0.003 -1"><span class='ocrx_word' id='word_1_193' title='bbox 104 3073 356 3144; x_wconf 90' lang='lat' dir='ltr'><strong>adumbratam</strong></span> <span class='ocrx_word' id='word_1_194' title='bbox 377 3093 464 3144; x_wconf 87' lang='lat' dir='ltr'><strong>esse.</strong></span> 
     </span>
    </p>

    <p class='ocr_par' dir='ltr' id='par_1_5' title="bbox 155 3184 1495 3282">
     <span class='ocr_line' id='line_1_23' title="bbox 155 3184 1495 3282; baseline 0 -24"><span class='ocrx_word' id='word_1_195' title='bbox 155 3189 305 3282; x_wconf 68' lang='lat' dir='ltr'><strong>Effigiem</strong></span> <span class='ocrx_word' id='word_1_196' title='bbox 339 3187 401 3258; x_wconf 91' lang='lat' dir='ltr'><strong>bas</strong></span> <span class='ocrx_word' id='word_1_197' title='bbox 429 3184 720 3281; x_wconf 85' lang='lat' dir='ltr'><strong>perlustrantibus</strong></span> <span class='ocrx_word' id='word_1_198' title='bbox 750 3185 865 3267; x_wconf 81' lang='lat' dir='ltr'><strong>nobis,</strong></span> <span class='ocrx_word' id='word_1_199' title='bbox 898 3185 1100 3272; x_wconf 80' lang='lat' dir='ltr'><strong>discrimen,</strong></span> <span class='ocrx_word' id='word_1_200' title='bbox 1120 3186 1214 3282; x_wconf 88' lang='lat' dir='ltr'><strong>quod</strong></span> <span class='ocrx_word' id='word_1_201' title='bbox 1233 3186 1323 3259; x_wconf 86' lang='lat' dir='ltr'><strong>inter</strong></span> <span class='ocrx_word' id='word_1_202' title='bbox 1339 3186 1495 3259; x_wconf 88' lang='lat' dir='ltr'><strong>diversas</strong></span> 
     </span>
    </p>
   </div>
   <div class='ocr_carea' id='block_1_3' title="bbox 104 3299 1618 3397">
    <p class='ocr_par' dir='ltr' id='par_1_6' title="bbox 104 3299 1618 3397">
     <span class='ocr_line' id='line_1_24' title="bbox 104 3299 1618 3397; baseline -0.001 -23"><span class='ocrx_word' id='word_1_203' title='bbox 104 3302 336 3374; x_wconf 88' lang='lat' dir='ltr'><strong>litbotomiee</strong></span> <span class='ocrx_word' id='word_1_204' title='bbox 354 3299 536 3372; x_wconf 87' lang='lat' dir='ltr'><strong>methodos</strong></span> <span class='ocrx_word' id='word_1_205' title='bbox 549 3310 614 3378; x_wconf 82' lang='lat' dir='ltr'><strong>est.</strong></span> <span class='ocrx_word' id='word_1_206' title='bbox 631 3310 667 3369; x_wconf 90' lang='lat' dir='ltr'><strong>et</strong></span> <span class='ocrx_word' id='word_1_207' title='bbox 679 3299 859 3371; x_wconf 86' lang='lat' dir='ltr'><strong>commode</strong></span> <span class='ocrx_word' id='word_1_208' title='bbox 874 3299 1165 3397; x_wconf 73' lang='lat' dir='ltr'><strong>ipcomuuotlaqaa</strong></span> <span class='ocrx_word' id='word_1_209' title='bbox 1183 3299 1330 3374; x_wconf 89' lang='lat' dir='ltr'><strong>diversis</strong></span> <span class='ocrx_word' id='word_1_210' title='bbox 1347 3324 1494 3397; x_wconf 89' lang='lat' dir='ltr'><strong>operan·</strong></span> <span class='ocrx_word' id='word_1_211' title='bbox 1608 3317 1618 3335; x_wconf 66' lang='lat'>¹</span> 
     </span>
    </p>
   </div>
   <div class='ocr_carea' id='block_1_4' title="bbox 104 3415 1494 5355">
    <p class='ocr_par' dir='ltr' id='par_1_7' title="bbox 104 3415 1494 4203">
     <span class='ocr_line' id='line_1_25' title="bbox 104 3415 1492 3512; baseline 0.001 -24"><span class='ocrx_word' id='word_1_212' title='bbox 104 3416 143 3488; x_wconf 92' lang='lat' dir='ltr'><strong>di</strong></span> <span class='ocrx_word' id='word_1_213' title='bbox 165 3417 283 3489; x_wconf 92' lang='lat' dir='ltr'><strong>modis</strong></span> <span class='ocrx_word' id='word_1_214' title='bbox 299 3415 454 3512; x_wconf 83' lang='lat' dir='ltr'><strong>propria,</strong></span> <span class='ocrx_word' id='word_1_215' title='bbox 487 3416 689 3511; x_wconf 89' lang='lat' dir='ltr'><strong>preesertim</strong></span> <span class='ocrx_word' id='word_1_216' title='bbox 718 3438 762 3486; x_wconf 86' lang='lat' dir='ltr'><strong>ex</strong></span> <span class='ocrx_word' id='word_1_217' title='bbox 780 3416 1042 3510; x_wconf 90' lang='lat' dir='ltr'><strong>comparatione</strong></span> <span class='ocrx_word' id='word_1_218' title='bbox 1059 3439 1139 3488; x_wconf 90' lang='lat' dir='ltr'><strong>cum</strong></span> <span class='ocrx_word' id='word_1_219' title='bbox 1157 3416 1317 3490; x_wconf 88' lang='lat' dir='ltr'><strong>iconibus</strong></span> <span class='ocrx_word' id='word_1_220' title='bbox 1334 3418 1492 3491; x_wconf 76' lang='lat' dir='ltr'><strong>fasciculi</strong></span> 
     </span>
     <span class='ocr_line' id='line_1_26' title="bbox 106 3530 1494 3636; baseline 0 -31"><span class='ocrx_word' id='word_1_221' title='bbox 106 3534 177 3605; x_wconf 75' lang='lat' dir='ltr'><strong>su.</strong></span> <span class='ocrx_word' id='word_1_222' title='bbox 200 3533 294 3606; x_wconf 92' lang='lat' dir='ltr'><strong>clare</strong></span> <span class='ocrx_word' id='word_1_223' title='bbox 327 3530 548 3636; x_wconf 81' lang='lat' dir='ltr'><strong>etdistincte</strong></span> <span class='ocrx_word' id='word_1_224' title='bbox 566 3530 766 3604; x_wconf 88' lang='lat' dir='ltr'><strong>elucebunt.</strong></span> <span class='ocrx_word' id='word_1_225' title='bbox 804 3531 1328 3625; x_wconf 80' lang='lat' dir='ltr'><strong>Siccontemplationeiconum</strong></span> <span class='ocrx_word' id='word_1_226' title='bbox 1346 3534 1494 3605; x_wconf 75' lang='lat'><strong>22-26</strong></span> 
     </span>
     <span class='ocr_line' id='line_1_27' title="bbox 109 3635 1490 3742; baseline 0.004 -22"><span class='ocrx_word' id='word_1_227' title='bbox 109 3648 286 3720; x_wconf 86' lang='lat' dir='ltr'><strong>diversam</strong></span> <span class='ocrx_word' id='word_1_228' title='bbox 304 3635 547 3724; x_wconf 82' lang='lat' dir='ltr'><strong>directionem,</strong></span> <span class='ocrx_word' id='word_1_229' title='bbox 566 3645 822 3718; x_wconf 85' lang='lat' dir='ltr'><strong>dimensionem</strong></span> <span class='ocrx_word' id='word_1_230' title='bbox 841 3646 1087 3742; x_wconf 79' lang='lat' dir='ltr'><strong>diversumque</strong></span> <span class='ocrx_word' id='word_1_231' title='bbox 1100 3656 1277 3741; x_wconf 90' lang='lat' dir='ltr'><strong>aspectum</strong></span> <span class='ocrx_word' id='word_1_232' title='bbox 1295 3649 1490 3742; x_wconf 75' lang='lat' dir='ltr'><strong>plagarum.</strong></span> 
     </span>
     <span class='ocr_line' id='line_1_28' title="bbox 111 3760 1488 3860; baseline -0.001 -25"><span class='ocrx_word' id='word_1_233' title='bbox 111 3788 203 3860; x_wconf 87' lang='lat' dir='ltr'><strong>quae</strong></span> <span class='ocrx_word' id='word_1_234' title='bbox 222 3773 394 3860; x_wconf 87' lang='lat' dir='ltr'><strong>prostatus</strong></span> <span class='ocrx_word' id='word_1_235' title='bbox 414 3774 451 3835; x_wconf 91' lang='lat' dir='ltr'><strong>et</strong></span> <span class='ocrx_word' id='word_1_236' title='bbox 463 3763 557 3834; x_wconf 91' lang='lat' dir='ltr'><strong>collo</strong></span> <span class='ocrx_word' id='word_1_237' title='bbox 574 3763 711 3833; x_wconf 88' lang='lat' dir='ltr'><strong>vesicae</strong></span> <span class='ocrx_word' id='word_1_238' title='bbox 728 3760 771 3832; x_wconf 89' lang='lat' dir='ltr'><strong>ad</strong></span> <span class='ocrx_word' id='word_1_239' title='bbox 789 3761 964 3833; x_wconf 89' lang='lat' dir='ltr'><strong>calculum</strong></span> <span class='ocrx_word' id='word_1_240' title='bbox 995 3761 1248 3835; x_wconf 84' lang='lat' dir='ltr'><strong>extrahendum</strong></span> <span class='ocrx_word' id='word_1_241' title='bbox 1266 3761 1488 3856; x_wconf 73' lang='lat' dir='ltr'><strong>infliguntur.</strong></span> 
     </span>
     <span class='ocr_line' id='line_1_29' title="bbox 110 3876 1490 3976; baseline -0.001 -25"><span class='ocrx_word' id='word_1_242' title='bbox 110 3881 294 3976; x_wconf 86' lang='lat' dir='ltr'><strong>multaque</strong></span> <span class='ocrx_word' id='word_1_243' title='bbox 311 3880 393 3960; x_wconf 81' lang='lat' dir='ltr'><strong>elia.</strong></span> <span class='ocrx_word' id='word_1_244' title='bbox 425 3898 514 3974; x_wconf 86' lang='lat' dir='ltr'><strong>quae</strong></span> <span class='ocrx_word' id='word_1_245' title='bbox 545 3879 582 3947; x_wconf 93' lang='lat' dir='ltr'><strong>in</strong></span> <span class='ocrx_word' id='word_1_246' title='bbox 610 3877 842 3972; x_wconf 84' lang='lat' dir='ltr'><strong>dijudicandis</strong></span> <span class='ocrx_word' id='word_1_247' title='bbox 854 3876 1033 3973; x_wconf 83' lang='lat' dir='ltr'><strong>periculis.</strong></span> <span class='ocrx_word' id='word_1_248' title='bbox 1053 3876 1180 3972; x_wconf 86' lang='lat' dir='ltr'><strong>quibus</strong></span> <span class='ocrx_word' id='word_1_249' title='bbox 1197 3876 1396 3950; x_wconf 87' lang='lat' dir='ltr'><strong>litbotomia</strong></span> <span class='ocrx_word' id='word_1_250' title='bbox 1413 3903 1490 3950; x_wconf 89' lang='lat' dir='ltr'><strong>ver·</strong></span> 
     </span>
     <span class='ocr_line' id='line_1_30' title="bbox 110 3991 1491 4090; baseline -0.002 -23"><span class='ocrx_word' id='word_1_251' title='bbox 110 4007 222 4076; x_wconf 91' lang='lat' dir='ltr'><strong>satur,</strong></span> <span class='ocrx_word' id='word_1_252' title='bbox 249 4005 354 4089; x_wconf 84' lang='lat' dir='ltr'><strong>etque</strong></span> <span class='ocrx_word' id='word_1_253' title='bbox 372 3991 543 4074; x_wconf 79' lang='lat' dir='ltr'><strong>consiliis.</strong></span> <span class='ocrx_word' id='word_1_254' title='bbox 571 4014 661 4088; x_wconf 87' lang='lat' dir='ltr'><strong>quae</strong></span> <span class='ocrx_word' id='word_1_255' title='bbox 679 3994 716 4063; x_wconf 91' lang='lat' dir='ltr'><strong>in</strong></span> <span class='ocrx_word' id='word_1_256' title='bbox 735 3994 938 4087; x_wconf 88' lang='lat' dir='ltr'><strong>operatione</strong></span> <span class='ocrx_word' id='word_1_257' title='bbox 955 3992 1021 4064; x_wconf 90' lang='lat' dir='ltr'><strong>bac</strong></span> <span class='ocrx_word' id='word_1_258' title='bbox 1039 3991 1253 4064; x_wconf 86' lang='lat' dir='ltr'><strong>instituenda¹</strong></span> <span class='ocrx_word' id='word_1_259' title='bbox 1271 3993 1370 4090; x_wconf 86' lang='lat' dir='ltr'><strong>sequi</strong></span> <span class='ocrx_word' id='word_1_260' title='bbox 1387 4017 1491 4090; x_wconf 85' lang='lat' dir='ltr'><strong>opor·</strong></span> 
     </span>
     <span class='ocr_line' id='line_1_31' title="bbox 110 4111 1061 4203; baseline -0.003 -22"><span class='ocrx_word' id='word_1_261' title='bbox 110 4121 172 4194; x_wconf 79' lang='lat' dir='ltr'><strong>tet,</strong></span> <span class='ocrx_word' id='word_1_262' title='bbox 194 4111 261 4181; x_wconf 91' lang='lat' dir='ltr'><strong>rite</strong></span> <span class='ocrx_word' id='word_1_263' title='bbox 277 4111 534 4203; x_wconf 78' lang='lat' dir='ltr'><strong>cognoscimus.</strong></span> <span class='ocrx_word' id='word_1_264' title='bbox 660 4122 663 4130; x_wconf 85' lang='grc'><strong><em>·</em></strong></span> <span class='ocrx_word' id='word_1_265' title='bbox 1057 4129 1061 4138; x_wconf 91' lang='grc'><em>·</em></span> 
     </span>
    </p>

    <p class='ocr_par' dir='ltr' id='par_1_8' title="bbox 109 4221 1490 4435">
     <span class='ocr_line' id='line_1_32' title="bbox 158 4221 1490 4319; baseline 0.002 -23"><span class='ocrx_word' id='word_1_266' title='bbox 158 4225 351 4319; x_wconf 82' lang='lat' dir='ltr'><strong>Praecipue</strong></span> <span class='ocrx_word' id='word_1_267' title='bbox 380 4246 464 4295; x_wconf 85' lang='lat' dir='ltr'><strong>vero</strong></span> <span class='ocrx_word' id='word_1_268' title='bbox 495 4223 559 4294; x_wconf 89' lang='lat' dir='ltr'><strong>bae</strong></span> <span class='ocrx_word' id='word_1_269' title='bbox 589 4223 790 4317; x_wconf 84' lang='lat' dir='ltr'><strong>questiones</strong></span> <span class='ocrx_word' id='word_1_270' title='bbox 820 4221 1040 4316; x_wconf 78' lang='lat' dir='ltr'><strong>chirurgicos</strong></span> <span class='ocrx_word' id='word_1_271' title='bbox 1070 4223 1245 4317; x_wconf 88' lang='lat' dir='ltr'><strong>captiosae</strong></span> <span class='ocrx_word' id='word_1_272' title='bbox 1279 4224 1490 4298; x_wconf 83' lang='lat' dir='ltr'><strong>sectionibus</strong></span> 
     </span>
     <span class='ocr_line' id='line_1_33' title="bbox 109 4336 747 4435; baseline -0.006 -25"><span class='ocrx_word' id='word_1_273' title='bbox 109 4341 239 4412; x_wconf 90' lang='lat' dir='ltr'><strong>nostris</strong></span> <span class='ocrx_word' id='word_1_274' title='bbox 255 4336 484 4435; x_wconf 90' lang='lat' dir='ltr'><strong>probabiliter</strong></span> <span class='ocrx_word' id='word_1_275' title='bbox 501 4338 634 4408; x_wconf 90' lang='lat' dir='ltr'><strong>solutae</strong></span> <span class='ocrx_word' id='word_1_276' title='bbox 652 4348 747 4408; x_wconf 76' lang='lat' dir='ltr'><strong>sunt:</strong></span> 
     </span>
    </p>

    <p class='ocr_par' dir='ltr' id='par_1_9' title="bbox 108 4449 1487 4777">
     <span class='ocr_line' id='line_1_34' title="bbox 159 4449 1487 4550; baseline 0.002 -24"><span class='ocrx_word' id='word_1_277' title='bbox 159 4458 197 4526; x_wconf 62' lang='lat'><strong>1⁴.</strong></span> <span class='ocrx_word' id='word_1_278' title='bbox 217 4455 256 4525; x_wconf 88' lang='lat' dir='ltr'><strong>ln</strong></span> <span class='ocrx_word' id='word_1_279' title='bbox 273 4451 686 4546; x_wconf 82' lang='lat' dir='ltr'><strong>metbodocystotomiae</strong></span> <span class='ocrx_word' id='word_1_280' title='bbox 705 4449 854 4532; x_wconf 82' lang='lat' dir='ltr'><strong>laterali,</strong></span> <span class='ocrx_word' id='word_1_281' title='bbox 869 4452 957 4524; x_wconf 87' lang='lat' dir='ltr'><strong>adeo</strong></span> <span class='ocrx_word' id='word_1_282' title='bbox 975 4451 1054 4545; x_wconf 77' lang='lat' dir='ltr'><strong>lege</strong></span> <span class='ocrx_word' id='word_1_283' title='bbox 1066 4451 1153 4522; x_wconf 90' lang='lat' dir='ltr'><strong>artis</strong></span> <span class='ocrx_word' id='word_1_284' title='bbox 1164 4451 1336 4536; x_wconf 87' lang='lat' dir='ltr'><strong>instituta,</strong></span> <span class='ocrx_word' id='word_1_285' title='bbox 1353 4455 1487 4550; x_wconf 73' lang='lat' dir='ltr'><strong>plegem</strong></span> 
     </span>
     <span class='ocr_line' id='line_1_35' title="bbox 108 4565 1487 4662; baseline 0.004 -23"><span class='ocrx_word' id='word_1_286' title='bbox 108 4577 284 4662; x_wconf 88' lang='lat' dir='ltr'><strong>prostetas</strong></span> <span class='ocrx_word' id='word_1_287' title='bbox 303 4567 471 4639; x_wconf 84' lang='lat' dir='ltr'><strong>indictam</strong></span> <span class='ocrx_word' id='word_1_288' title='bbox 489 4588 560 4637; x_wconf 95' lang='lat' dir='ltr'><strong>non</strong></span> <span class='ocrx_word' id='word_1_289' title='bbox 577 4589 728 4662; x_wconf 77' lang='lat' dir='ltr'><strong>semper.</strong></span> <span class='ocrx_word' id='word_1_290' title='bbox 759 4577 800 4637; x_wconf 91' lang='lat' dir='ltr'><strong>ut</strong></span> <span class='ocrx_word' id='word_1_291' title='bbox 815 4579 975 4638; x_wconf 85' lang='lat' dir='ltr'><strong>auctores</strong></span> <span class='ocrx_word' id='word_1_292' title='bbox 1003 4565 1149 4644; x_wconf 80' lang='lat' dir='ltr'><strong>docem.</strong></span> <span class='ocrx_word' id='word_1_293' title='bbox 1184 4565 1368 4642; x_wconf 92' lang='lat' dir='ltr'><strong>directioni</strong></span> <span class='ocrx_word' id='word_1_294' title='bbox 1397 4571 1487 4644; x_wconf 87' lang='lat' dir='ltr'><strong>radii</strong></span> 
     </span>
     <span class='ocr_line' id='line_1_36' title="bbox 108 4657 1218 4777; baseline 0 -25"><span class='ocrx_word' id='word_1_295' title='bbox 108 4681 263 4755; x_wconf 90' lang='lat' dir='ltr'><strong>lateralis</strong></span> <span class='ocrx_word' id='word_1_296' title='bbox 281 4684 459 4755; x_wconf 81' lang='lat' dir='ltr'><strong>interioris</strong></span> <span class='ocrx_word' id='word_1_297' title='bbox 475 4681 579 4777; x_wconf 87' lang='lat' dir='ltr'><strong>hujus</strong></span> <span class='ocrx_word' id='word_1_298' title='bbox 596 4681 784 4776; x_wconf 75' lang='lat' dir='ltr'><strong>glandulae</strong></span> <span class='ocrx_word' id='word_1_299' title='bbox 801 4682 1024 4776; x_wconf 89' lang='lat' dir='ltr'><strong>respondere.</strong></span> <span class='ocrx_word' id='word_1_300' title='bbox 1214 4657 1218 4681; x_wconf 60' lang='grc'><em>’</em></span> 
     </span>
    </p>

    <p class='ocr_par' dir='ltr' id='par_1_10' title="bbox 109 4796 1488 5124">
     <span class='ocr_line' id='line_1_37' title="bbox 155 4796 1488 4894; baseline 0.005 -25"><span class='ocrx_word' id='word_1_301' title='bbox 155 4802 195 4870; x_wconf 77' lang='lat'><strong>2.</strong></span> <span class='ocrx_word' id='word_1_302' title='bbox 215 4799 372 4894; x_wconf 72' lang='lat' dir='ltr'><strong>Plagem.</strong></span> <span class='ocrx_word' id='word_1_303' title='bbox 395 4819 464 4892; x_wconf 88' lang='lat' dir='ltr'><strong>que</strong></span> <span class='ocrx_word' id='word_1_304' title='bbox 482 4797 602 4868; x_wconf 82' lang='lat' dir='ltr'><strong>cervix</strong></span> <span class='ocrx_word' id='word_1_305' title='bbox 618 4797 756 4868; x_wconf 78' lang='lat' dir='ltr'><strong>vesicae</strong></span> <span class='ocrx_word' id='word_1_306' title='bbox 776 4796 909 4893; x_wconf 81' lang='lat' dir='ltr'><strong>patetit,</strong></span> <span class='ocrx_word' id='word_1_307' title='bbox 928 4798 1109 4893; x_wconf 86' lang='lat' dir='ltr'><strong>praecipue</strong></span> <span class='ocrx_word' id='word_1_308' title='bbox 1127 4797 1165 4869; x_wconf 91' lang='lat' dir='ltr'><strong>in</strong></span> <span class='ocrx_word' id='word_1_309' title='bbox 1178 4801 1385 4893; x_wconf 81' lang='lat' dir='ltr'><strong>cystntomie</strong></span> <span class='ocrx_word' id='word_1_310' title='bbox 1401 4801 1488 4874; x_wconf 89' lang='lat' dir='ltr'><strong>late·</strong></span> 
     </span>
     <span class='ocr_line' id='line_1_38' title="bbox 109 4911 1484 5011; baseline 0.004 -28"><span class='ocrx_word' id='word_1_311' title='bbox 109 4914 310 4995; x_wconf 81' lang='lat' dir='ltr'><strong>rali,rarius</strong></span> <span class='ocrx_word' id='word_1_312' title='bbox 328 4913 363 4984; x_wconf 87' lang='lat' dir='ltr'><strong>in</strong></span> <span class='ocrx_word' id='word_1_313' title='bbox 381 4911 570 4990; x_wconf 80' lang='lat' dir='ltr'><strong>bilaterali.</strong></span> <span class='ocrx_word' id='word_1_314' title='bbox 590 4911 777 4984; x_wconf 85' lang='lat' dir='ltr'><strong>circuitum</strong></span> <span class='ocrx_word' id='word_1_315' title='bbox 789 4922 969 5007; x_wconf 83' lang='lat' dir='ltr'><strong>prostatus</strong></span> <span class='ocrx_word' id='word_1_316' title='bbox 986 4911 1167 4996; x_wconf 83' lang='lat' dir='ltr'><strong>excedere,</strong></span> <span class='ocrx_word' id='word_1_317' title='bbox 1187 4923 1292 5011; x_wconf 85' lang='lat' dir='ltr'><strong>atque</strong></span> <span class='ocrx_word' id='word_1_318' title='bbox 1309 4915 1484 5011; x_wconf 83' lang='lat' dir='ltr'><strong>capsulam</strong></span> 
     </span>
     <span class='ocr_line' id='line_1_39' title="bbox 109 5025 1090 5124; baseline 0.002 -26"><span class='ocrx_word' id='word_1_319' title='bbox 109 5029 453 5124; x_wconf 86' lang='lat' dir='ltr'><strong>vesieoprosteticam</strong></span> <span class='ocrx_word' id='word_1_320' title='bbox 472 5037 508 5098; x_wconf 88' lang='lat' dir='ltr'><strong>et</strong></span> <span class='ocrx_word' id='word_1_321' title='bbox 523 5027 665 5098; x_wconf 86' lang='lat' dir='ltr'><strong>iasciem</strong></span> <span class='ocrx_word' id='word_1_322' title='bbox 683 5026 967 5100; x_wconf 87' lang='lat' dir='ltr'><strong>rectovesicalem</strong></span> <span class='ocrx_word' id='word_1_323' title='bbox 984 5025 1090 5100; x_wconf 87' lang='lat' dir='ltr'><strong>laedi.</strong></span> 
     </span>
    </p>

    <p class='ocr_par' dir='ltr' id='par_1_11' title="bbox 110 5141 1488 5355">
     <span class='ocr_line' id='line_1_40' title="bbox 155 5141 1486 5240; baseline 0.003 -24"><span class='ocrx_word' id='word_1_324' title='bbox 155 5145 193 5216; x_wconf 84' lang='grc'><strong>3.</strong></span> <span class='ocrx_word' id='word_1_325' title='bbox 215 5147 254 5215; x_wconf 95' lang='lat' dir='ltr'><strong>ln</strong></span> <span class='ocrx_word' id='word_1_326' title='bbox 273 5141 466 5214; x_wconf 88' lang='lat' dir='ltr'><strong>encheiresi</strong></span> <span class='ocrx_word' id='word_1_327' title='bbox 492 5143 516 5214; x_wconf 62' lang='lat' dir='ltr'><strong>a*</strong></span> <span class='ocrx_word' id='word_1_328' title='bbox 530 5166 586 5213; x_wconf 92' lang='lat' dir='ltr'><strong>me</strong></span> <span class='ocrx_word' id='word_1_329' title='bbox 604 5142 862 5223; x_wconf 79' lang='lat' dir='ltr'><strong>commendata.</strong></span> <span class='ocrx_word' id='word_1_330' title='bbox 874 5165 965 5238; x_wconf 87' lang='lat' dir='ltr'><strong>qnae</strong></span> <span class='ocrx_word' id='word_1_331' title='bbox 981 5143 1018 5214; x_wconf 96' lang='lat' dir='ltr'><strong>in</strong></span> <span class='ocrx_word' id='word_1_332' title='bbox 1037 5142 1197 5238; x_wconf 87' lang='lat' dir='ltr'><strong>plurimis</strong></span> <span class='ocrx_word' id='word_1_333' title='bbox 1215 5154 1252 5217; x_wconf 94' lang='lat' dir='ltr'><strong>et</strong></span> <span class='ocrx_word' id='word_1_334' title='bbox 1266 5143 1385 5240; x_wconf 89' lang='lat' dir='ltr'><strong>parvis</strong></span> <span class='ocrx_word' id='word_1_335' title='bbox 1399 5145 1486 5220; x_wconf 90' lang='lat' dir='ltr'><strong>inci·</strong></span> 
     </span>
     <span class='ocr_line' id='line_1_41' title="bbox 110 5256 1488 5355; baseline 0.008 -30"><span class='ocrx_word' id='word_1_336' title='bbox 110 5257 268 5330; x_wconf 90' lang='lat' dir='ltr'><strong>siouibus</strong></span> <span class='ocrx_word' id='word_1_337' title='bbox 285 5266 458 5354; x_wconf 86' lang='lat' dir='ltr'><strong>proatatse</strong></span> <span class='ocrx_word' id='word_1_338' title='bbox 474 5258 573 5331; x_wconf 85' lang='lat' dir='ltr'><strong>varia</strong></span> <span class='ocrx_word' id='word_1_339' title='bbox 591 5256 785 5332; x_wconf 86' lang='lat' dir='ltr'><strong>directione</strong></span> <span class='ocrx_word' id='word_1_340' title='bbox 807 5257 920 5330; x_wconf 86' lang='lat' dir='ltr'><strong>ductis</strong></span> <span class='ocrx_word' id='word_1_341' title='bbox 944 5269 980 5331; x_wconf 92' lang='lat' dir='ltr'><strong>et</strong></span> <span class='ocrx_word' id='word_1_342' title='bbox 996 5257 1163 5355; x_wconf 86' lang='lat' dir='ltr'><strong>peculiari</strong></span> <span class='ocrx_word' id='word_1_343' title='bbox 1189 5258 1333 5334; x_wconf 89' lang='lat' dir='ltr'><strong>cultello</strong></span> <span class='ocrx_word' id='word_1_344' title='bbox 1350 5261 1488 5336; x_wconf 87' lang='lat' dir='ltr'><strong>institu-</strong></span> 
     </span>
    </p>
   </div>
   <div class='ocr_carea' id='block_1_5' title="bbox 0 0 1846 6004">
    <p class='ocr_par' dir='ltr' id='par_1_12' title="bbox 0 0 1846 6004">
     <span class='ocr_line' id='line_1_42' title="bbox 0 0 1846 6004; baseline 0 2"><span class='ocrx_word' id='word_1_345' title='bbox 0 0 1846 6004; x_wconf 95' lang='lat' dir='ltr'><strong> </strong></span> 
     </span>
    </p>
   </div>
  </div>
 </body>
</html>
