3736 6008
735 491 984 576 ..pp-

222 787 352 860 quarum
365 769 457 842 altam
470 765 557 840 alteri
570 767 750 858 juxtapositv
762 775 822 852 est,
840 769 1029 842 deruorsom
1043 789 1114 842 reru
1130 789 1222 860 prope
1234 769 1367 842 rebeum
1380 771 1545 874 ipsiuslm,

224 885 277 956 ubi
294 884 422 954 laminae
436 885 515 953 inter
527 904 561 953 se
574 883 658 975 large
675 885 798 966 distant,
816 903 868 972 per
880 903 971 956 unam
984 885 1376 974 solummodo,sopeutoren
1392 891 1485 974 (circa
1498 889 1548 982 bl,

226 1010 446 1090 persecaretur.
467 999 503 1084 d)
519 995 621 1082 Quum
638 1021 708 1070 vero
728 999 850 1070 altitudo
868 1001 1015 1087 locorum,
1034 1003 1086 1070 ubi
1104 1003 1306 1090 peritonaeum
1319 1005 1357 1072 ati
1369 1005 1550 1092 monocolon,

226 1117 440 1184 mesenterium
458 1124 488 1184 et
507 1116 656 1184 involucra
675 1135 777 1184 scrcsa
801 1118 1008 1186 intestinorum
1027 1118 1180 1186 formanda
1199 1119 1375 1204 inflectitur,
1393 1122 1551 1194 admodum

225 1231 334 1312 variet,
356 1232 479 1318 ideoque
514 1251 618 1298 cavum
635 1233 797 1319 peritonaei
816 1232 972 1302 admodum
989 1231 1155 1300 flexuosum
1174 1243 1327 1322 aspectum
1360 1235 1476 1316 offerat,
1522 1239 1552 1306 in

226 1349 360 1417 sectione
377 1356 546 1414 transversa
564 1345 731 1414 abdominis
749 1347 925 1416 iniieriones
943 1347 1120 1414 laminarum
1139 1347 1224 1434 hujus
1252 1347 1446 1416 membranae
1465 1353 1552 1421 medo

225 1462 315 1531 lineis
331 1463 460 1528 sinuosis
478 1481 534 1528 non
556 1460 740 1548 interruptis.
762 1461 847 1528 modo
864 1471 964 1530 nutem
983 1463 1113 1549 perlecto
1129 1463 1277 1550 separatis
1294 1471 1324 1530 et
1340 1462 1453 1550 plures,
1464 1471 1551 1555 quasi

223 1579 518 1666 peculiares,cavcas
535 1575 741 1658 limitantibus,
762 1577 791 1642 in
809 1575 895 1645 icone
913 1577 1051 1663 exprimi.
1082 1577 1116 1661 3)
1136 1574 1272 1658 Quattuor
1290 1579 1417 1646 laminas
1441 1587 1552 1653 omenti

226 1693 350 1779 majoris
367 1701 538 1760 transverse
556 1701 721 1778 persectas,
741 1700 857 1778 propter
881 1691 1079 1758 solidissimas
1099 1693 1245 1779 parietum
1264 1693 1357 1780 ipsius
1374 1705 1404 1762 et
1422 1696 1551 1770 laminae

226 1807 391 1894 superioris
423 1803 566 1874 mesocoii
599 1806 762 1872 transversi
780 1807 988 1902 adhaesiones,
1021 1808 1178 1876 rarissime
1213 1807 1369 1876 distinctas
1395 1829 1481 1894 'essm
1520 1815 1550 1884 in

226 1922 362 1988 iconibus
380 1921 469 2012 igitur
482 1920 591 1988 nostris
605 1939 662 1986 non
677 1919 772 1987 tribus
788 1920 834 1987 vel
852 1929 970 2007 quatur,
990 1921 1224 2008 seditionumque
1237 1922 1351 1990 duabus
1365 1925 1552 1999 solummodo

226 2037 316 2104 lineis
332 2035 565 2124 repraesentari.
585 2031 671 2114 Quae
689 2055 755 2100 cnm
775 2035 903 2114 irasmi,
923 2035 1011 2104 iaciie
1028 2035 1138 2119 elucet,
1158 2055 1212 2106 cnr
1232 2035 1420 2107 iro-sinistro
1450 2041 1553 2118 latero

227 2152 283 2241 lug.
300 2131 367 2218 '9⁸⁸
390 2151 482 2218 iconis
505 2149 632 2234 spatium
657 2149 927 2232 animadvertatur,
947 2149 1000 2233 bb,
1021 2151 1150 2220 irustula
1168 2151 1275 2242 glaciei
1292 2155 1459 2240 continens,
1485 2159 1552 2230 dn-

224 2265 303 2338 abus
335 2265 421 2332 lineis
454 2265 584 2330 cinctum
619 2271 648 2330 et
680 2263 794 2350 septulo
829 2258 938 2352 (W.)
963 2263 1059 2332 tribus
1078 2265 1166 2334 lineis
1192 2266 1276 2344 licto,
1305 2269 1335 2338 iu
1359 2269 1433 2338 duas
1451 2283 1551 2360 partes

228 2381 408 2468 sejunctum.
436 2375 579 2464 Superior
606 2377 692 2464 liujus
717 2379 805 2464 spatii
821 2398 905 2465 pars,
925 2377 977 2462 bb,
1007 2400 1112 2451 cavum
1130 2382 1239 2448 omenti
1263 2383 1385 2470 majoris
1400 2397 1465 2470 est,
1491 2406 1552 2458 utt-

225 2495 276 2583 jus
302 2492 426 2562 cuniinia
453 2494 583 2580 parietes
608 2493 718 2559 omenti
745 2496 884 2579 (quatuor
909 2493 1038 2560 lamellis
1057 2495 1134 2562 inter
1155 2515 1188 2562 se
1205 2495 1299 2563 solide
1315 2497 1451 2568 conflatis
1469 2523 1553 2587 cem·

198 2653 202 2660 ·
226 2611 329 2700 positi)
349 2609 547 2686 constituunt;
568 2608 692 2675 inlerior
709 2625 779 2674 vero
796 2625 866 2693 pars
884 2627 955 2675 cavo
974 2627 1083 2698 magno
1100 2609 1264 2696 peritonaei
1283 2613 1422 2700 pertinet,
1447 2637 1553 2690 acuvo

227 2726 339 2794 omenti
355 2724 471 2812 septulo
489 2721 583 2806 bd.’'‚
611 2725 687 2813 quud
714 2725 882 2792 mesocoicn
901 2734 1104 2793 transversum
1123 2733 1181 2810 est,
1205 2735 1354 2816 separata.
1375 2729 1418 2798 in
1436 2731 1554 2803 dextro

197 2915 199 2924 ,
228 2851 329 2910 autem
346 2840 487 2908 sectionis
500 2839 594 2908 latere
607 2839 780 2926 superficies
794 2839 903 2921 albida,
924 2840 1079 2924 ceiiuiosu,
1100 2861 1129 2924 c,
1145 2843 1339 2932 conspicitur,
1358 2865 1434 2934 quae
1446 2848 1555 2938 dupliii

230 2959 308 3028 linea
325 2957 481 3038 limitatur,
500 2953 585 3020 coion
604 2963 806 3020 transversum
828 2955 874 3040 (p.
897 2949 946 3043 iv.)
965 2973 1110 3041 pancreas
1130 2953 1210 3047 loc.)
1229 2965 1260 3024 et
1277 2957 1558 3071 duodenumldvi.)²

229 3072 352 3142 includit
368 3079 398 3137 et
414 3087 480 3136 cum
499 3069 592 3155 spatio
606 3065 675 3149 bb.,
697 3075 728 3136 ut
741 3075 874 3154 apparet,
891 3087 948 3135 non
968 3070 1181 3137 communicat.
1197 3067 1377 3158 Superiicies
1395 3073 1468 3143 baec
1485 3097 1554 3146 vero

230 3190 272 3256 nil
291 3186 370 3254 aliud
388 3194 446 3268 est,
473 3184 532 3249 nisi
549 3183 731 3250 continuatio
749 3183 881 3270 ejusdem
900 3183 1040 3251 mc'socoli
1059 3185 1220 3252 transversi
1240 3183 1329 3270 bb”’‚
1356 3191 1433 3275 qnod
1451 3189 1481 3258 in
1497 3188 1555 3264 bac

229 3304 354 3390 regione
370 3319 428 3368 non
446 3297 531 3384 piane
549 3307 715 3384 persectum
735 3305 767 3364 et
781 3296 866 3384 cujus
885 3297 994 3363 lamina
1018 3299 1154 3384 superior
1171 3299 1233 3366 suia
1252 3311 1363 3370 remota
1382 3312 1440 3375 est.
1469 3304 1555 3379 Patet

231 3419 321 3486 etiam
339 3434 375 3481 er
392 3413 447 3480 bac
463 3411 681 3500 disquisitione,
714 3431 767 3478 cur
799 3413 828 3478 in
853 3413 938 3481 icone
964 3413 1134 3482 intestinum
1156 3414 1289 3502 jejumum
1318 3423 1388 3501 (sen
1411 3426 1554 3496 transitus

230 3530 356 3600 duodeni
374 3529 402 3595 in
416 3528 564 3614 jejunum)
584 3535 766 3612 perrectum,
786 3505 895 3593 lamina
914 3527 1076 3613 peritonaei
1095 3527 1134 3594 ita
1152 3528 1280 3598 cinctum
1299 3533 1503 3626 adumbretur,
1523 3549 1555 3610 ut

228 3647 314 3737 quasi
334 3647 364 3713 iu
390 3642 463 3711 ceila
482 3639 638 3729 peculiari,
659 3659 675 3706 a
694 3661 766 3708 cavo
784 3660 892 3731 magno
910 3641 1073 3727 peritonaei
1090 3644 1222 3730 periecte
1238 3646 1384 3735 sejuncta,
1405 3642 1553 3728 inclusum

227 3781 297 3832 csse
313 3760 458 3826 videatur.

181 3957 261 4050 Εἰς.
282 3953 317 4024 3.
346 3951 447 4021 Sectio
472 3960 641 4019 transversa
659 3967 712 4036 per
729 3948 933 4040 cartilaginem
952 3958 1052 4016 costae
1071 3949 1125 4020 9·ο
1144 3952 1264 4021 dextrae
1281 3963 1311 4022 et
1327 3977 1382 4044 per
1399 3961 1552 4056 cartilagi.

230 4109 299 4158 nem
316 4093 417 4153 costae
434 4083 488 4151 8Ιε
507 4082 660 4164 sinistrae,
681 4101 734 4168 per
751 4091 856 4150 costas.
870 4080 1101 4150 tum-tum
1120 4097 1150 4152 et
1166 4104 1219 4172 per
1236 4088 1403 4177 marginem
1418 4092 1551 4166 iniimum

228 4219 363 4308 corporis
382 4215 535 4284 vertebrae
553 4211 691 4282 lumbalis
712 4215 765 4280 l⁸0
785 4213 883 4284 ducta.

278 4385 411 4457 Cadaver
427 4383 555 4452 bominis
572 4385 663 4453 adulti
681 4385 886 4454 macilentum.
920 4383 1025 4456 Parios
1051 4387 1217 4456 abdominis
1235 4389 1366 4460 anterior
1383 4393 1546 4484 collapsus.

231 4519 374 4590 intestina
390 4537 493 4588 crassa
511 4537 565 4608 gas
583 4527 734 4588 etcavum
757 4519 919 4605 peritonaei
948 4521 1121 4588 exsudatum
1147 4538 1284 4588 serosum
1301 4523 1440 4609 exiguum
1458 4529 1552 4596 conti·

231 4661 313 4722 cent.
340 4649 480 4721 Ceterum
504 4648 578 4716 nibil
594 4651 778 4718 adnotatione
796 4651 934 4742 dignum.
962 4647 1095 4720 Masculi
1113 4651 1278 4722 abdominis
1304 4663 1334 4722 et
1359 4655 1552 4751 diaphragma

235 4787 275 4872 (si
290 4791 403 4874 partem
422 4783 515 4873 ipsius
533 4781 692 4850 lumbalem
711 4781 880 4878 exceperis)
899 4803 957 4851 non
975 4783 1115 4852 delineati
1133 4792 1213 4853 suut.

277 4951 383 5022 Facies
400 4952 540 5021 sectionis
558 4951 691 5020 inlerior.
712 4989 758 5002 —
777 4951 819 5020 Α.
840 4949 949 5042 Margo
968 4949 1090 5046 inierint
1111 4954 1244 5041 corporis
1262 4955 1416 5024 vertebrae
1431 4957 1548 5030 lumbo·

228 5089 296 5138 rum
319 5069 371 5148 ¹⁸9
388 5087 455 5134 cum
473 5066 597 5134 lrustuln
615 5067 801 5156 cartilaginis
819 5066 1087 5138 intervertebralis.
1102 5103 1149 5120 -
1167 5067 1207 5141 B.
1227 5065 1393 5141 Processus
1409 5073 1549 5160 spinosus

229 5184 361 5272 ejusdem
380 5181 545 5252 vertebrae.
561 5217 609 5234 -
624 5179 661 5248 C.
681 5179 832 5272 Cartilago
851 5191 952 5250 costae
972 5181 1039 5250 9¹0.
1056 5220 1103 5234 -
1117 5182 1164 5252 D.
1182 5183 1224 5252 E.
1250 5185 1292 5252 F.
1312 5182 1418 5254 Cestae
1439 5187 1550 5256 to·-

230 5299 303 5368 tm.
323 5333 371 5348 -
387 5318 420 5366 c.
440 5317 474 5368 o.
494 5319 529 5369 c.
550 5294 674 5366 Lamina
692 5297 855 5386 peritonaei
868 5298 1036 5387 parietaiis.
1057 5335 1107 5352 -
1124 5296 1181 5368 c'’.
1203 5297 1326 5370 indeuia
1346 5301 1475 5374 laminae
1493 5306 1546 5376 bu·
