3666 6002
927 545 1168 614 ..40-

416 741 564 812 tutiorem
593 734 793 825 superiorum
811 731 870 802 ilai
884 733 1025 823 inceptet
1056 730 1102 798 ud
1130 725 1276 813 2¹s,-3
1291 732 1375 821 pull.
1412 734 1494 802 Par.
1516 735 1650 824 arpino
1668 735 1724 804 boc

416 856 574 926 t'otcriorc
589 873 700 920 amaus
716 850 826 930 distat,
847 845 977 938 obliqua
992 867 1119 914 auruum
1149 858 1179 912 ct
1209 859 1392 914 extrorsum
1422 851 1634 918 continuator
1649 847 1726 922 oet
1830 905 1831 920 r

414 972 481 1061 fare
495 967 580 1060 poll.
600 967 701 1056 loson
717 965 951 1034 intermistum
968 963 1027 1031 ilai
1042 976 1071 1032 ot
1089 973 1211 1030 coctum
1232 959 1327 1030 1οΜ
1346 963 1489 1034 oleaiuot.

461 1198 547 1270 [luae
563 1199 661 1268 liuaaa
678 1205 817 1266 arcuatae
833 1195 864 1262 in
880 1205 1005 1282 utraque
1022 1193 1117 1284 ligura
1135 1204 1261 1263 tractum
1279 1194 1379 1286 digiti,
1400 1198 1450 1284 qui
1462 1216 1480 1265 a
1493 1197 1558 1266 loco
1575 1199 1726 1270 incisionis

412 1315 450 1388 td
466 1315 607 1384 arteriam
625 1311 828 1400 reperiendam
846 1310 1058 1378 convexitatem
1076 1311 1157 1376 sacci
1174 1312 1334 1398 peritonaei
1352 1313 1499 1400 sequitur,
1519 1313 1663 1382 indicant.

364 1551 445 1645 Fig.
465 1551 500 1621 3.
521 1549 691 1622 Sectionem
708 1551 800 1638 pelais
817 1551 854 1617 ad
873 1545 938 1634 3³l.
955 1549 1026 1637 poll.
1047 1545 1119 1616 Par.
1140 1569 1228 1638 snpra
1253 1553 1368 1640 spinam
1399 1555 1579 1624 anteriorem
1597 1553 1726 1642 superio·

412 1706 476 1757 rem
495 1686 572 1754 ossis
591 1685 639 1752 liei
657 1687 752 1752 dextri
768 1685 886 1773 oblique
916 1683 1034 1751 ductam
1065 1684 1220 1753 adumbrat
1262 1683 1364 1755 Sectio
1395 1687 1550 1756 directioni
1577 1687 1728 1778 ligamenti

413 1821 565 1910 Pnupnrtii
582 1841 639 1888 non
656 1823 786 1909 perlecta
801 1820 942 1909 parallelo
961 1827 1019 1895 est:
1040 1830 1160 1888 externa
1178 1820 1320 1889 sectionis
1337 1843 1406 1910 pars
1423 1821 1460 1888 ad
1481 1823 1544 1910 ly,
1561 1821 1640 1912 poll.
1656 1819 1726 1890 Par.

413 1974 502 2042 supra
520 1953 712 2046 ligamentum
729 1951 894 2040 Poupartii,
927 1958 1041 2021 interna
1070 1971 1140 2042 pars
1170 1962 1267 2022 autem
1286 1973 1339 2042 per
1356 1973 1426 2022 crus
1456 1962 1612 2022 externum
1632 1954 1729 2023 annuli

413 2087 607 2160 abdominalis
623 2096 653 2156 et
669 2104 722 2174 per
738 2105 855 2158 ramum
873 2085 1085 2160 horizontalern
1101 2084 1234 2160 dexuum
1252 2086 1352 2174 pubis,
1372 2105 1464 2176 prope
1479 2086 1670 2161 tuberculum
1689 2087 1729 2176 ip·

411 2222 488 2299 sios,
508 2220 596 2294 dueta
612 2227 671 2290 ast.

461 2447 574 2520 Quone
590 2449 672 2524 sami
697 2448 859 2535 portoras
877 2449 906 2514 in
924 2447 1001 2520 loco.
1033 2445 1084 2516 ubi
1114 2446 1287 2519 membrana
1316 2447 1390 2518 baec
1417 2466 1507 2534 soora
1537 2448 1730 2538 ligamentum

413 2560 565 2648 Pouuartii
583 2562 741 2632 iniussum
759 2563 877 2635 iliacam
895 2563 1046 2633 sinistram
1065 2559 1237 2642 lulloctltur,
1257 2569 1437 2649 perauctum.
1457 2560 1600 2634 Frustnla
1619 2565 1731 2634 intesti-

413 2696 519 2750 norom
537 2675 668 2754 tenuium
687 2676 907 2767 congelatorum
925 2684 1050 2752 remota.
1072 2677 1240 2746 intestinum
1255 2693 1376 2746 caecum
1389 2687 1488 2748 autem
1503 2677 1642 2749 musculo
1658 2677 1732 2750 Pso-

415 2793 454 2864 ati
471 2791 618 2861 adnexum
635 2791 666 2862 iu
681 2790 742 2866 situ
759 2791 895 2866 rdinum
914 2801 971 2863 est.
993 2787 1092 2858 Strata
1110 2790 1291 2862 muscularia
1304 2799 1334 2860 et
1347 2792 1484 2862 teudinaa
1499 2794 1626 2880 portetis
1643 2793 1730 2862 abdo·
1830 2827 1831 2834 κ

414 2907 504 2981 minis
520 2907 679 2982 anterioris
695 2908 725 2984 in
742 2905 820 2987 loeo.
835 2907 989 2994 ercolano
1004 2907 1133 2982 arteriae
1150 2905 1254 2980 tltaaae
1271 2914 1413 2978 externae
1428 2911 1499 2992 sito,
1513 2917 1546 2976 nt
1562 2907 1732 2980 distineu'us
1830 2909 1831 3003 J

414 3023 650 3112 inconspectum
668 3023 799 3099 voulut,
819 3021 967 3108 paululum
985 3021 1107 3094 dimota.

463 3252 531 3321 loon
547 3251 621 3320 haec
646 3253 738 3342 igitur
767 3259 858 3320 tolum
890 3251 1046 3335 ambitum,
1078 3252 1210 3320 diuersas
1241 3249 1406 3319 inflexionis
1437 3253 1586 3340 situmque
1614 3253 1732 3321 infimae

414 3369 495 3439 sacci
514 3369 672 3454 peritonaei
691 3368 798 3455 cartis,
819 3387 895 3455 quaa
908 3368 943 3439 ad
958 3368 1099 3436 arteriam
1115 3368 1229 3436 illasam
1247 3378 1398 3439 externam
1417 3367 1623 3439 denudandam
1642 3369 1732 3459 tegito

414 3489 579 3571 operatoris
595 3485 742 3580 auarieta
760 3483 937 3556 abdomioali
956 3482 1121 3573 sejungitur
1139 3484 1338 3568 arteriamqua
1356 3481 1433 3552 bane
1451 3483 1481 3551 in
1496 3481 1574 3563 loeo,
1609 3483 1664 3554 ubi
1680 3483 1729 3553 do·

412 3598 519 3676 tinelli
536 3597 625 3674 solet.
645 3607 811 3684 persecuto
828 3599 910 3670 clara
926 3600 1122 3686 distinctaque
1138 3598 1331 3668 demonstrat.

460 3815 593 3890 &dass
610 3817 737 3886 huminis
754 3817 856 3884 adulti.

460 4037 655 4132 Segmeutum
673 4040 812 4110 sectionis
829 4039 962 4108 dextrum
980 4050 1010 4107 at
1027 4049 1194 4108 externum.
1215 4073 1262 4088 -
1279 4037 1321 4106 Α.
1341 4012 1440 4109 Crista
1461 4043 1540 4110 ossis
1566 4040 1617 4110 ilci
1638 4041 1733 4112 dextri

413 4157 450 4222 ad
469 4152 535 4242 3³s‘
551 4155 620 4246 poll.
641 4151 713 4225 Par.
733 4173 821 4243 supra
840 4155 954 4242 spinam
972 4155 1151 4223 anteriorem
1169 4155 1351 4238 superiorem
1371 4154 1421 4220 ilai
1437 4155 1731 4242 permotum—B.

415 4267 549 4338 incisura
567 4270 740 4339 ischiadica.
759 4305 805 4320 -
826 4268 865 4338 G.
886 4267 976 4337 Lince
1009 4270 1187 4335 innominata
1217 4268 1317 4334 dextra
1348 4269 1384 4334 ad
1415 4271 1571 4336 nonnullas
1601 4271 1733 4340 lineasr

414 4385 565 4474 symphysi
582 4385 756 4454 sacrciliaca
774 4393 919 4472 persecta.
940 4421 987 4434 -
1009 4381 1051 4450 D.
1074 4380 1186 4450 Romus
1204 4381 1394 4450 horizontalis
1413 4382 1515 4452 dexter
1536 4385 1626 4472 pubis
1644 4407 1735 4476 prope

413 4499 598 4572 tuberculum
628 4500 714 4592 pubis
743 4511 910 4588 persuetus.
931 4535 975 4553 -—
994 4519 1027 4564 o.
1060 4495 1265 4586 integumenta
1295 4499 1474 4566 commuuio.
1494 4535 1542 4550 -
1560 4498 1594 4568 b.
1625 4499 1734 4572 daseia

369 4631 372 4648 ¹
413 4615 622 4702 scomboialis.
643 4653 683 4666 -
705 4636 734 4682 c.
756 4611 960 4701 Aponeurosis
977 4611 1104 4678 musculi
1121 4607 1242 4698 Obliqui
1260 4611 1423 4681 abdominis
1441 4613 1569 4684 externi.
1584 4650 1636 4664 -
1649 4615 1686 4686 d.
1703 4636 1732 4681 o.

413 4726 514 4799 Strata
531 4729 686 4810 cetlolosa,
709 4747 784 4820 quae
813 4736 928 4813 partem
958 4725 1158 4795 muscularern
1177 4743 1223 4790 ee.
1243 4723 1328 4811 hujus
1347 4726 1474 4792 musculi
1501 4726 1665 4798 inuoluunt.
1687 4765 1735 4784 -

412 4843 442 4934 f.
460 4843 502 4914 bl.
523 4841 670 4934 Obliquus
700 4842 865 4912 abdominis
895 4840 1043 4912 internus.
1059 4873 1110 4893 ’-
1127 4859 1160 4928 9.
1181 4835 1213 4904 lr.
1233 4837 1336 4926 blargo
1354 4838 1475 4908 inferior
1499 4841 1586 4929 bajus
1603 4842 1735 4916 musculi

413 4959 557 5048 parietem
576 4959 760 5045 superiorem
779 4956 893 5024 canalis
910 4943 1068 5044 inguinalis
1085 4953 1231 5032 efficiens,
1263 4971 1330 5022 eum
1358 4956 1534 5038 anoueurosi
1555 4975 1598 5024 nt.
1618 4953 1734 5028 Trans·

416 5074 494 5142 uersi
512 5072 675 5142 abdominis
695 5069 853 5148 conflatus,
886 5069 1050 5140 biluroatus
1066 5079 1097 5138 et
1113 5067 1276 5139 ianiculum
1293 5069 1501 5154 spermaticom
1521 5067 1578 5158 (t.)
1600 5072 1733 5159 amplae-

414 5197 492 5256 tans.
511 5222 559 5240 -·
579 5188 604 5256 i.
625 5187 667 5258 bl.
688 5183 891 5258 Transeamus
907 5183 1086 5264 abdominis,
1117 5182 1201 5270 cujus
1230 5179 1322 5252 tactos
1336 5183 1484 5268 nouerim
1499 5183 1620 5257 lamella
1638 5185 1732 5256 cellu-
