3682 6004
693 513 939 590 ..23-

121 787 321 849 transverse
350 787 503 872 persecta
540 777 599 860 sit,
634 774 805 850 diversam
822 797 911 848 essa:
946 775 1020 846 lere
1037 774 1221 848 rotundam
1239 773 1341 870 (lab.
1361 777 1422 858 bl,
1442 773 1504 869 bd)

121 914 229 987 prope
267 891 401 987 apicem
432 901 466 963 et
497 890 662 963 isthmum
696 889 872 974 uretbrae3
896 888 1154 964 corditormem
1188 891 1224 963 iu
1264 889 1377 964 media
1409 903 1505 986 parte

121 1005 224 1100 (Tale.
240 1008 320 1103 2³4:
338 1007 411 1076 lere
429 1005 707 1102 quadrangulam
723 1029 833 1101 propa
850 1006 965 1077 basin.
1017 1023 1020 1032 ’

167 1119 293 1192 Plures
316 1119 599 1194 adumbratioues
625 1131 802 1216 praeterea
826 1129 1018 1217 prostatsm
1037 1119 1173 1192 diverso
1199 1119 1319 1201 modo,
1348 1120 1441 1214 quod
1468 1119 1504 1192 in

118 1232 268 1328 diversis
293 1235 518 1308 lithotomiae
547 1235 720 1307 methodis
737 1235 878 1315 accidit.
899 1243 1109 1308 transactam
1139 1243 1174 1306 et
1191 1233 1316 1308 deinde
1347 1235 1384 1306 in
1402 1233 1503 1309 cada·

119 1371 200 1420 rere
219 1350 405 1446 congelato
424 1361 592 1422 tranverse
612 1361 803 1445 perseetam
819 1349 1003 1443 effingunt.
1152 1403 1156 1412 .

165 1463 222 1536 Ad
243 1466 363 1536 icones
381 1463 455 1551 bas,
474 1487 563 1560 quae
582 1465 820 1560 operationem
847 1463 1069 1536 lithotomiae
1083 1463 1307 1560 perlustrant,
1333 1463 1421 1536 benc
1450 1464 1505 1536 iu·

116 1578 327 1673 telligendas
340 1579 426 1649 baec
443 1580 629 1652 observare
646 1603 785 1652 necesse
804 1591 869 1652 est:
908 1582 974 1651 ¹¹²⁰
992 1579 1172 1652 Seetiones
1187 1578 1280 1650 hunc
1297 1578 1342 1650 ad
1359 1603 1501 1674 scopum

115 1717 178 1788 per
192 1694 325 1783 pelvim
339 1693 512 1766 minorem
530 1694 650 1766 ductas
682 1696 791 1788 (conl.
828 1694 915 1766 Tab.
935 1695 1098 1790 22-27)
1119 1693 1326 1790 plerumque
1340 1694 1503 1766 directio·

116 1831 196 1878 uem
212 1833 285 1882 uou
299 1807 366 1880 rite
382 1817 628 1890 transversam,
645 1809 710 1881 sod·
722 1813 839 1905 potius
856 1809 1002 1906 obliquo
1022 1819 1254 1898 transversam
1273 1813 1382 1905 sequi,
1403 1811 1504 1881 itaut

116 1925 209 1996 linea
233 1950 356 1998 secans
373 1951 393 1997 a
412 1929 589 2024 sympbysi
609 1928 709 2022 pubis
726 1926 831 1999 modo
849 1926 1030 2009 deorsum,
1050 1925 1154 1998 modo
1172 1923 1276 2020 paulo
1295 1947 1430 1996 sursum
1450 1924 1500 1996 di·

116 2053 214 2113 recta
232 2044 291 2120 sit.
324 2041 425 2136 quod·
435 2065 480 2116 ex
500 2051 596 2138 parto
620 2040 795 2114 ediverso
817 2040 930 2134 gradu
948 2040 1187 2114 inclinationis
1205 2039 1316 2134 peluis
1333 2040 1370 2112 in
1388 2040 1502 2112 diver·

115 2158 163 2228 sis
180 2157 426 2237 cadaveribus,
446 2181 490 2228 ex
505 2165 601 2252 parte
618 2178 638 2227 a
653 2155 789 2228 diverso
804 2157 887 2238 situ,
902 2155 939 2226 iu
955 2178 1024 2250 quo
1042 2154 1160 2250 pelves
1177 2152 1256 2249 gelu
1275 2162 1416 2230 coactas
1432 2164 1500 2228 sta·

115 2269 240 2344 bilitas
266 2283 377 2350 eraut.
406 2270 635 2366 dependebat,
665 2271 792 2378 partim
811 2293 895 2342 vero
912 2293 956 2342 eo
973 2270 1151 2364 proposito
1169 2292 1190 2341 a
1206 2292 1262 2343 ute
1283 2271 1414 2343 lactum
1434 2280 1499 2356 ast,

115 2399 153 2458 ut
173 2401 288 2484 partes
314 2386 476 2460 uretbrae
494 2399 529 2458 et
546 2397 736 2484 prostatus,
773 2391 864 2458 iuter
890 2388 1129 2483 operationem
1146 2385 1274 2471 laesaer
1294 2384 1422 2457 clarius
1440 2408 1502 2461 cx*

115 2515 307 2596 ponantur.
337 2506 399 2576 2⁶⁰.
416 2502 555 2598 plagam
575 2511 750 2595 prostatus
783 2501 966 2580 inflictam,
988 2501 1140 2580 etiamsi,
1159 2509 1199 2572 ut
1218 2523 1292 2572 mos
1309 2511 1374 2582 est,
1393 2499 1436 2575 iu
1454 2504 1502 2574 si·

115 2620 228 2690 nistro
256 2618 365 2690 latcrc
398 2617 554 2712 perinaei
580 2617 758 2688 amareris
784 2615 938 2699 ductam,
970 2616 1044 2687 tere
1062 2617 1263 2709 somper.in
1282 2617 1497 2692 sectionibus

115 2734 229 2826 pelvis
247 2735 449 2805 transversis
463 2733 638 2805 sinistram
656 2732 796 2804 lectoris
813 2741 982 2826 spectare,
1001 2729 1088 2825 (vid.
1104 2729 1191 2802 Tab.
1207 2731 1384 2817 22-241.
1404 2731 1498 2827 quod

114 2848 221 2920 facile
241 2849 450 2944 explicatur,
483 2849 512 2920 si
541 2849 579 2918 in
598 2849 803 2920 memoriam
821 2869 964 2918 revocas
983 2848 1018 2918 in
1037 2845 1164 2918 tabulis
1181 2845 1236 2920 bis
1253 2847 1377 2922 facicm
1395 2869 1497 2941 supe·

113 2967 246 3038 riorcm
266 2963 438 3059 segmenti
456 2961 569 3036 intimi
587 2962 700 3056 pelvis
717 2971 892 3058 possentne
918 2960 974 3032 vel
1001 2961 1127 3032 taciem
1151 2961 1307 3034 infimam
1334 2962 1497 3034 sectionis

108 3078 356 3150 adumbratam
377 3101 465 3150 esse.

156 3194 306 3287 Effigies
339 3193 401 3264 bas
430 3190 721 3286 perlustrantibus
750 3191 866 3274 nobis,
899 3190 1101 3276 discrimen,
1119 3191 1215 3285 qnod
1233 3191 1324 3264 iuter
1340 3191 1496 3264 diversas

106 3307 335 3379 lithotomiaa
354 3305 537 3378 methodos
549 3317 615 3386 cst,
632 3316 668 3376 et
680 3305 859 3377 commoda
874 3305 1166 3402 incommodaque
1183 3305 1330 3380 dirersis
1348 3329 1495 3402 operau·
1610 3321 1619 3340 ·

106 3421 144 3493 di
165 3423 283 3495 modis
299 3421 455 3519 propria.
487 3422 689 3517 praesertim
719 3443 762 3492 ox
780 3421 1042 3515 comparatione
1059 3444 1139 3493 cum
1158 3421 1318 3494 iconibus
1335 3423 1494 3496 [amiculi

108 3539 177 3610 ss.
202 3539 294 3610 clare
328 3537 548 3642 st·distiucte
566 3535 766 3610 elucebunt.
801 3537 869 3608 *Sic
880 3536 1176 3631 contemplatione
1189 3538 1329 3610 iconum
1346 3540 1495 3610 22-26

110 3654 287 3726 diversam
304 3641 548 3730 directionem.
567 3650 822 3724 dimensionem
841 3651 1088 3748 diversumque
1100 3663 1277 3748 aspectum
1297 3653 1490 3748 plagarum.

113 3792 205 3865 quae
223 3779 395 3865 prostatus
415 3780 452 3840 et
464 3769 557 3840 collo
575 3769 711 3839 vesicae
728 3767 771 3838 ad
789 3766 964 3838 calculum
995 3766 1249 3840 extrahendum
1267 3765 1489 3863 infliguntur.

112 3885 294 3980 multaque
312 3885 394 3967 alia,
426 3904 516 3980 quae
546 3884 582 3953 in
610 3881 843 3977 diiudicandis
855 3882 1033 3978 periculis.
1054 3881 1181 3977 quibus
1197 3881 1397 3956 litbotomia
1414 3909 1490 3956 rer·

112 4011 223 4081 satur,
250 4009 355 4094 atque
373 3995 543 4078 consiliis.
572 4019 662 4093 quas
679 3999 716 4068 iu
735 3999 938 4092 operatione
956 3997 1021 4068 bac
1039 3997 1254 4070 instituenda
1271 3999 1371 4096 sequi
1388 4023 1491 4095 opor·

113 4125 174 4200 tet,
196 4115 261 4186 ritc
278 4115 535 4208 cognoscimus.
660 4127 663 4135 ⁴
1057 4133 1062 4144 ·

159 4231 353 4324 Praecipue
382 4251 465 4300 vcro
495 4228 561 4298 bae
590 4229 790 4322 questiones
820 4227 1041 4321 chirurgicos
1071 4228 1246 4324 captiosae
1280 4229 1490 4304 sectionibus

111 4344 240 4416 nostris
256 4341 485 4439 probabiliter
502 4342 635 4413 solutae
653 4352 747 4414 sunt:

160 4463 198 4531 t‘.
218 4459 257 4528 lu
274 4457 441 4528 metlrodo
459 4459 686 4552 cystotomiae
705 4455 854 4538 laterali,
869 4457 958 4528 adeo
975 4457 1054 4551 lega
1067 4457 1154 4528 artis
1165 4457 1338 4540 instituta,
1353 4457 1487 4556 plagam

110 4583 285 4668 proatatac
303 4572 472 4644 indictam
490 4593 560 4642 non
578 4593 728 4666 semper.
759 4583 800 4644 ut
815 4583 976 4643 auctores
1003 4571 1149 4649 docent.
1185 4571 1369 4647 directioni
1399 4576 1488 4650 radii

110 4686 264 4760 lateralis
282 4689 459 4760 interioris
476 4687 580 4782 hujus
597 4686 784 4782 glandulae
801 4687 1024 4782 respondere.
1214 4662 1219 4685 ’

156 4807 196 4876 2.
216 4803 373 4899 Plagam.
395 4825 465 4898 qua
482 4802 603 4872 cervix
619 4801 757 4873 'vesicae
776 4801 909 4898 patefit,
928 4803 1110 4898 praecipue
1127 4803 1165 4874 iu
1179 4806 1386 4898 cystotomia
1402 4807 1489 4880 late·

111 4919 311 4999 rali.rorius
329 4919 365 4989 iu
383 4917 571 4995 bilaterali.
591 4917 777 4988 circuitum
792 4927 970 5013 prostatus
986 4917 1168 5001 excedere,
1188 4928 1292 5016 atque
1309 4921 1485 5016 capsulam

111 5033 453 5128 resicoprostaticam
473 5044 509 5102 et
523 5031 666 5104 fasciam
683 5031 969 5106 rectovesicalem
984 5031 1091 5106 laedi.

156 5148 195 5219 3.
216 5151 255 5219 lu
274 5145 466 5218 encheiresi
493 5150 517 5218 a*
530 5170 588 5217 ms
604 5146 862 5228 commendata.
874 5171 966 5244 quae
983 5149 1018 5219 iu
1037 5147 1198 5243 plurimis
1217 5160 1252 5222 et
1266 5151 1385 5246 parvis
1399 5151 1487 5226 inci·

111 5261 269 5335 sionibus
286 5271 459 5359 prostatae
474 5263 573 5336 varia
591 5260 786 5336 directione
807 5263 920 5336 ductis
944 5273 980 5336 ot
997 5263 1164 5360 peculiari
1189 5265 1333 5340 cultello
1350 5268 1488 5343 iustitu-
